2360 3024
1005 139 1356 193 -ass‘lw-

101 286 258 326 quoque
289 273 447 315 debebit
475 279 645 315 accentu
679 286 820 316 carere
830 289 846 326 ς
873 287 964 316 nam
991 277 1045 317 ita
1072 277 1115 317 fit
1142 277 1295 330 copula.
1353 273 1432 316 Sed
1458 274 1532 316 ista
1555 273 1716 329 quidem
1749 273 1922 326 permira
1946 277 2009 314 est
2028 273 2258 328 explicatio!

100 346 153 401 νή
179 345 257 388 τόν
284 344 395 388 κύνα
423 348 668 391 socraticum
705 351 763 391 sio
799 361 956 390 rursum
993 349 1094 391 idem
1123 351 1183 391 bis
1217 349 1444 392 diceretur!
1482 372 1535 379 —-
1556 348 1615 391 Cf.
1632 360 1738 401 quae
1759 347 1808 389 ad
1831 347 1905 387 Od.
1926 346 2051 399 7,69.,
2078 346 2258 398 16,437.,

103 419 349 470 ¹8,79-80.
375 426 415 462 et
435 434 471 474 p.
491 421 559 463 36.
578 424 776 464 annotavi.
802 422 952 476 Nempe
973 423 1195 465 huiusmodi
1217 422 1373 477 σχόλια
1397 423 1587 473 scribere,
1618 422 1746 475 qualia
1766 434 1864 463 sane
1889 421 2010 462 bodie
2036 422 2260 462 scribuntur

101 494 264 547 plurflna
292 493 403 549 (iure
433 495 551 537 multa
580 501 691 538 certe
720 495 771 537 de
801 508 956 551 genere
985 498 1063 539 hoc
1091 503 1182 540 sunt
1209 498 1406 551 castigata
1434 497 1473 538 in
1503 494 2097 540 Miitzell.Comment.1859.
2120 494 2257 548 θρα),

56 599 58 602 .
99 567 207 609 idem
221 572 297 620 est,
326 568 436 623 quod
464 569 569 610 bona
598 563 674 611 side
707 569 830 613 verba
858 570 952 613 dare
981 572 1168 614 videlicet
1186 571 1416 614 liberalibus
1433 571 1644 626 disciplinis
1661 574 1700 611 et
1720 583 1795 625 per
1813 568 1931 611 fidem
1947 568 2137 624 decipere
2153 568 2258 611 ado-

100 641 317 690 lescentes,
348 643 414 696 qui
447 655 520 684 suo
558 645 632 685 sibi
668 644 813 685 iudicio
842 646 897 686 uti
926 645 1100 687 nondum
1128 652 1293 700 possunt
1327 657 1461 698 neque
1489 645 1577 686 fere
1616 650 1829 699 praeterea
1858 644 1977 685 animi
2005 644 2258 685 intentionem

102 719 141 754 et
172 715 421 767 cogitationis
450 716 629 757 lahorem
660 722 802 759 amant.

435 788 506 830 Ἐν
534 791 601 830 τῶ
631 794 839 845 φρονεῖν
868 791 957 845 γοέρ
985 794 1143 846 μηδὲν
1172 791 1375 848 ἥδιστ’-ος
1402 795 1521 845 βίος.
1551 815 1608 822 -

212 861 304 905 Non
333 864 492 906 nimium
520 877 641 919 saepe
671 868 858 910 memoria
888 868 1294 915 Goethianorum
1325 869 1518 912 dictorum
1547 872 1683 924 potest
1710 867 2030 922 repraesentari:

436 939 577 980 Doch
607 942 689 982 ein
718 942 932 997 Begriff
955 957 1090 989 muss
1120 947 1200 988 bei
1230 946 1339 989 dem
1368 946 1548 987 Worte
1577 945 1709 986 sein.
1768 939 2129 993 Cet.(Faust.1.).
2159 962 2209 969 -

214 1010 300 1051 Hoc
329 1013 420 1053 loco
451 1011 575 1062 ζώειν
602 1030 649 1054 τε
677 1017 749 1055 καὶ
778 1011 889 1057 εἶναι
917 1030 999 1060 non
1025 1019 1131 1061 idem
1160 1021 1317 1073 quidem
1346 1025 1421 1070 est,
1452 1018 1555 1072 quod
1584 1017 1710 1066 ζωέιν
1739 1017 1812 1056 καὶ
1841 1014 1948 1069 ὁρᾶν
1974 1013 2085 1068 φάος
2103 1011 2261 1068 ἠελίοιο

102 1082 198 1130 (Od.
234 1083 434 1139 16,439.),·
461 1087 502 1128 id
531 1088 638 1141 quod
667 1089 888 1133 Ameisii
916 1095 1119 1146 perspexit
1147 1094 1354 1144 subtilitas,
1385 1094 1460 1135 sed
1490 1093 1624 1135 similis
1657 1097 1718 1134 est
1746 1089 1883 1145 copiaf;
1924 1088 2013 1130 vide
2052 1089 2207 1130 Passo
2219 1101 2258 1129 v.

101 1169 135 1199 S·
165 1170 204 1198 V·
232 1156 333 1207 ζᾶω·
390 1160 581 1203 Nimirum
616 1160 740 1211 ζώειν
777 1167 937 1219 proprie
977 1171 1040 1208 est
1077 1166 1303 1223 spissrare,
1349 1172 1391 1209 et
1428 1160 1538 1207 εἶναι
1572 1165 1770 1219 significat
1803 1174 2108 1217 superesse;
2137 1163 2192 1202 ita
2222 1166 2262 1200 ut

105 1232 238 1273 versui
268 1235 452 1286 sequenti
482 1237 705 1290 oppositum
733 1237 802 1288 sit;
831 1238 882 1282 cf.
912 1238 1084 1288 Ellendt.
1111 1240 1208 1287 Lex.
1237 1242 1358 1296 Soph.
1389 1240 1417 1281 1.
1445 1253 1483 1295 p.
1515 1239 1610 1281 515.
1642 1244 1682 1281 et
1710 1237 1813 1280 iliad.
1845 1235 2093 1288 2‚641-2.:

444 1323 509 1369 Ου’
536 1326 614 1383 γάρ
644 1326 702 1369 ἔτ’
734 1327 889 1386 Οἰνῆος
915 1331 1198 1388 μεγαλήτορος
1226 1332 1335 1382 υἷε-ἐς
1361 1323 1487 1389 ἦσαν,

437 1398 533 1443 ov’d'
562 1396 628 1458 ἄρ’
656 1401 713 1445 ἔτ’
741 1402 874 1454 αὐτὸς
902 1406 989 1462 ἔην,
1020 1405 1136 1449 θάνε
1164 1409 1212 1450 δὲ
1242 1406 1408 1457 ’ξανθός
1438 1405 1695 1461 Μελέαγρος.
1726 1429 1779 1437 ·--

214 1489 268 1531 lta
283 1489 372 1532 fere
388 1491 545 1535 additur
559 1494 621 1535 ἔτι
636 1494 738 1549 (vid.
754 1509 844 1551 pag.
860 1496 929 1540 31.
947 1503 986 1539 et
1001 1498 1214 1541 Ellendt.
1234 1500 1259 1540 l.
1280 1500 1344 1542 all.
1365 1504 1406 1541 et
1427 1513 1464 1554 p.
1491 1498 1686 1549 692-3.,
1702 1497 1869 1538 Damm.
1886 1496 1982 1537 Lex.
1999 1494 2111 1535 Hom.
2128 1507 2167 1547 p.
2179 1492 2262 1535 498

103 1586 133 1590 -
148 1562 240 1623 399„
262 1563 450 1608 Passov.
467 1565 509 1609 L.
526 1566 573 1611 G.
590 1567 641 1619 1.,
659 1582 695 1623 p.
709 1569 840 1625 6370,
864 1576 903 1612 et
930 1584 1080 1614 vereor
1091 1585 1141 1614 ne
1158 1572 1234 1613 hoc
1254 1572 1343 1614 loco
1356 1571 1622 1629 {scribendum
1650 1574 1721 1615 sit:
1751 1585 1839 1612 που
1855 1566 1954 1619 ζώει
1964 1569 2037 1610 καὶ
2054 1566 2113 1609 ἔτ’
2127 1568 2259 1618 ἔστιν,

104 1642 142 1678 et
172 1638 276 1690 apud
306 1639 427 1693 Soph.
448 1641 545 1683 Phil.
572 1643 691 1687 422:
721 1645 808 1685 ἔστ’
835 1645 917 1698 ἔθ’,
940 1649 1051 1690 Aiac.
1076 1646 1185 1691 7844
1214 1645 1290 1690 οὐκ
1309 1648 1396 1689 ἔστ’
1416 1646 1474 1688 ἔτ’
1493 1645 1602 1703 ἀνὴρ
1631 1649 1778 1694 κεῖνος·
1800 1669 1853 1675 -
1881 1644 1997 1699 Apud
2026 1644 2147 1696 SOPh·
2166 1642 2262 1683 Phil·

103 1709 197 1750 429.
228 1711 345 1753 ἔστιν
374 1717 634 1767 praemissum
664 1723 725 1759 est
753 1732 838 1760 oum
868 1723 922 1771 γῆς
950 1722 1016 1762 ubi
1044 1722 1208 1773 haesito,
1238 1736 1286 1764 an
1317 1724 1455 1764 itidem
1484 1721 1762 1775 reponendum
1792 1722 1859 1761 sit:
1891 1720 1964 1759 ἔστ
1995 1717 2063 1758 ἔτ’.
2095 1741 2148 1747 —-

214 1782 301 1839 (De
329 1799 453 1830 versu
481 1788 578 1830 425.
592 1793 800 1835 verissime
830 1793 1019 1838 iudicavit
1046 1795 1121 1839 Ed.
1152 1797 1420 1849 Vunderus3
1450 1808 1529 1850 ego
1560 1806 1713 1849 repono
1749 1790 1927 1848 nodatos·
1961 1792 2065 1833 Alias
2085 1794 2258 1835 00¹¹ieci²

102 1856 143 1896 οἱ
171 1857 361 1912 πρόμος,·
390 1861 443 1903 cf.
471 1863 606 1917 Apoll.
637 1865 765 1908 Rhod.
793 1868 922 1918 2‚2¹.2
953 1864 1070 1924 αἶψα
1099 1870 1139 1910 δ’
1166 1870 1247 1911 ἑῶν
1277 1869 1441 1925 ἑτάρων
1471 1867 1638 1926 πρόμος
1668 1868 1831 1910 ἵστατο.
1862 1867 1939 1919 -)

216 1931 406 1976 chetim
419 1935 527 1978 Iliad.
543 1937 702 1988 22‚59.:
734 1940 811 1993 ἐμὲ
822 1940 899 1983 τόν
913 1939 1128 1999 δύστηνον
1157 1945 1216 1986 ἔτι
1233 1944 1454 2001 φρονέοντ’
1470 1947 1657 2002 ἐλέησον.
1676 1944 1752 1987 Od.
1773 1944 1971 1994 15349-
1982 1944 2069 1985 50.:
2103 1938 2127 1998 ἤ
2157 1958 2259 1992 που,

101 2006 163 2046 ἔτι
193 2004 374 2056 ζώουσιν
404 2007 481 2050 ὑπ’
510 2009 646 2065 αὕγοὲς
674 2011 853 2070 ἠελίοιο,
883 2008 911 2073 ἦ
939 2013 1020 2075 ἤδη
1048 2019 1233 2061 τεθνᾶσι
1260 2020 1330 2061 καὶ
1361 2019 1424 2061 εἶν
1453 2019 1590 2062 Ἀίδαο
1621 2020 1831 2075 δόμοισιν.
1863 2044 1917 2050 —
1948 2020 2056 2060 Alius
2098 2019 2262 2074 quidem

102 2084 267 2134 generis
297 2095 389 2125 esse
425 2085 583 2127 videtur
621 2093 661 2128 et
694 2089 805 2131 Aiac.
835 2089 929 2133 779.
970 2091 1047 2147 (rs.
1088 2106 1191 2147 quae
1220 2093 1267 2135 ad
1302 2094 1444 2148 Odyss.
1472 2096 1613 2147 5‚206.
1645 2096 1693 2137 de
1722 2095 1861 2147 6‚201.
1892 2097 2077 2137 annotavi
2109 2100 2151 2135 et
2187 2094 2262 2135 Od.

104 2151 310 2208 16‚437.);
340 2161 470 2199 tamen
500 2159 554 2201 ol.
584 2162 763 2203 conieci:
795 2162 841 2203 εἴ
862 2162 896 2216 γ’
924 2163 983 2205 ἔτ’
1011 2165 1251 2221 (Ellendt.
1280 2168 1323 2220 L,
1352 2182 1389 2223 p.
1418 2168 1558 2222 4970.
1588 2192 1642 2199 —-

212 2229 382 2285 Attingit
409 2233 512 2275 hanc
540 2246 626 2276 rem
655 2235 907 2279 Homericum
937 2251 1099 2296 quoque
1126 2241 1229 2284 Iliad.
1263 2240 1451 2294 17,447.;
1482 2238 1564 2284 ὅσα
1593 2259 1638 2283 τε
1668 2245 1794 2295 γαῖαν
1829 2244 1902 2283 ἔπι
1934 2247 2073 2284 πνείει
2112 2260 2159 2284 τε
2187 2245 2258 2283 καὶ

101 2300 220 2356 ἕρπει
250 2303 324 2357 (cf.
354 2304 501 2349 Genes.
528 2307 816 2366 1‚7,21—22.)
847 2316 889 2354 et
917 2312 1105 2369 Sopboel.
1135 2316 1274 2359 Traeh.
1305 2316 1534 2360 1160-1.:

435 2397 543 2453 πρὸς
570 2400 656 2442 τῶν
684 2400 908 2446 πνεόντων
936 2405 1120 2461 μηδενός
1146 2409 1302 2450 θανεῖν
1333 2403 1437 2462 3⁷10,

435 2470 529 2513 ἀλλ’
556 2470 672 2523 ὅστις
687 2472 831 2519 ’Ἀιδου
861 2481 1080 2533 φθίμενος
1109 2481 1285 2539 οἰκήτωρ
1314 2484 1453 2526 πέλοι.
1484 2510 1536 2517 —-
1567 2500 1580 2536 ς

99 2558 166 2599 ubi
195 2558 289 2601 olim
319 2562 500 2606 coniecit
529 2563 628 2616 ἐμέ,·
658 2567 738 2609 vid.
767 2568 987 2614 Ellendt.
1022 2572 1123 2616 Lex.
1153 2573 1181 2615 l.
1209 2586 1302 2629 pag.
1330 2576 1448 2629 480.;
1477 2589 1580 2619 nunc
1609 2589 1791 2633 repono:
1820 2578 1985 2633 βροτῶν
2016 2575 2256 2625 πνεόντωνς

98 2631 178 2673 vid.
218 2632 440 2679 Ellendt.
475 2637 573 2681 Lex.
612 2652 707 2695 pag.
743 2641 918 2697 322.,2.;
963 2648 1113 2704 μηδεὶς
1148 2650 1313 2705 βροτῶν
1348 2651 1520 2705 inprimis
1559 2652 1851 2707 Sophocleum,
1890 2659 1931 2695 et
1971 2653 2071 2703 ζωοὶ
2108 2651 2256 2707 βροτοὶ

99 2711 188 2760 sunt
216 2707 319 2763 apud
350 2709 563 2756 Homerum
592 2714 699 2758 Iliad.
719 2716 885 2770 18,539.
903 2726 945 2764 et
962 2722 1105 2779 odyss,
1124 2720 1303 2778 23,18⁷'.;
1322 2732 1364 2770 et
1379 2726 1675 2781 111ad.3.23,331.
1693 2726 1844 2783 βροτός
1861 2724 2178 2781 καταῖδθΐᾞῶς·
2202 2748 2256 2756 “·

98 2779 216 2823 Adde
247 2781 366 2840 virg.-
386 2783 489 2830 Aen.
518 2788 742 2842 1,546-·t.
772 2791 978 2852 (Heyn.)2

2119 2872 2173 2914 10
