2360 3024
998 134 1348 192 -οοοῐῦιοω-

742 267 913 332 Iliad.
954 269 1081 332 Lib.
1126 271 1278 333 XXI.
1361 290 1418 332 v.
1461 274 1608 332 190.:

416 384 480 439 τῷ
506 386 713 439 κρείσσων
743 385 825 437 μὲν
855 381 964 432 Ζεύς
992 385 1205 438 ποταμῶν
1236 383 1596 439 ἁλιμυρηέντων,)

191 459 278 500 Hoc
307 457 401 500 loco
431 458 513 510 μὲν
544 460 607 499 est
638 457 803 511 atqui,
841 468 924 499 non
951 455 1039 511 τῷ,
1069 460 1113 499 ut
1143 456 1325 499 Faesio
1356 458 1498 508 visum,
1528 461 1568 498 et
1598 455 1664 510 τῷ
1693 467 1813 499 versu
1846 455 1942 497 191.
1973 454 2107 497 debuit
2137 456 2254 509 poni:

76 532 231 584 Atqui
261 531 284 572 J
295 532 497 585 uppiter
526 534 630 581 cet„
669 540 801 588 erg-o
829 541 1031 571 rursum
1059 533 1136 572 cet.
1173 529 1308 585 Itaque
1339 534 1419 579 aut.
1435 533 1702 583 praepostere
1733 530 1866 582 posuit
1895 532 2016 582 poeta
2045 528 2147 570 hanc
2175 540 2257 569 vo-

76 606 218 655 culam,
248 609 314 645 aut
342 604 624 658 reponendum
655 607 739 646 est:
775 602 885 644 Τῶν.
946 603 1004 646 Cf.
1033 602 1172 654 7,382.
1213 626 1266 634 —
1305 604 1453 658 Odyss.
1496 602 1661 654 16‚121.
1690 607 1781 645 sunt
1812 604 1878 655 qui
1908 602 1995 643 τῶν
2025 602 2172 657 legant.
2202 623 2256 632 -

73 677 179 720 Iliad.
210 689 318 719 vers.
352 675 446 718 194.
475 677 582 719 subit
609 675 847 719 recordatio.
867 676 1113 730 Propertiani
1140 676 1242 719 lociz
1277 674 1484 728 4,1¹,u.,
1513 677 1581 718 ubi
1610 681 1722 717 recte
1751 680 2041 729 reposuerunt:
2084 675 2256 716 corri-

75 763 206 805 pere
245 762 362 801 ore3
401 749 456 792 cf.
485 749 595 804 virg.
623 748 732 791 Aen.
761 747 904 799 2:70⁷.
964 749 1177 790 Homerico
1221 749 1313 791 loco
1357 749 1580 802 respondet
1608 749 1719 803 Virg.
1758 747 1927 799 7‚678.;
1972 748 2085 798 8‚31.
2126 747 2257 802 (72),

74 825 156 874 ubi,
186 828 230 865 ut
268 824 411 865 melius
449 823 599 864 habitet
635 822 734 863 deus
772 823 975 876 aquatilis,
1014 834 1168 875 repone
1218 837 1254 864 v.
1291 821 1469 865 74-5.:
1520 823 1613 870 Qui
1654 845 1706 854 -
1747 823 1903 865 Sorte
1948 827 2118 873 tenet,
2168 822 2255 864 velt

73 896 254 938 Fontis
284 895 443 937 hahet
474 893 553 947 (cf.
583 892 701 948 66.);
733 899 774 936 et
803 894 920 937 Ovid.
950 894 1045 936 Met.
1079 894 1244 945 14,232.
1288 917 1344 926 -
1390 894 1497 938 Iliad.
1528 895 1606 945 21,
1645 908 1682 937 v.
1726 895 1822 936 203.
1865 894 2058 947 ἐγχέλυές
2097 909 2144 935 τε
2183 893 2255 934 καὶ

75 965 230 1022 ἰχθύες
259 980 341 1010 non
372 972 434 1009 est
464 967 631 1019 dictum,
669 972 713 1010 ut
749 964 897 1021 Τρῶάς
927 983 973 1008 τε
1001 967 1073 1007 καὶ
1090 963 1273 1021 Ἕκτορα
1303 972 1344 1010 et
1372 967 1533 1019 similia,
1565 967 1673 1022 quod
1705 967 1920 1010 Faesius
1951 969 2133 1021 opinatus
2172 973 2254 1016 est;

74 1053 163 1081 nam
194 1051 320 1094 penes
352 1040 550 1094 anguillas
582 1051 662 1081 non
692 1044 753 1080 est
780 1041 1026 1093 principatus
1057 1040 1232 1093 piscium,
1261 1040 1336 1082 sed
1366 1045 1533 1095 propter
1563 1040 1802 1093 peculiarem
1833 1051 1944 1081 suam
1974 1044 2152 1081 naturam
2175 1051 2256 1080 non

73 1115 177 1154 inter
207 1114 337 1165 pisces
365 1117 645 1160 numerantur;
687 1112 796 1165 quod
836 1113 1004 1152 maxime
1042 1112 1187 1165 liqueat
1217 1112 1270 1162 ei,
1300 1112 1366 1164 qui
1395 1112 1443 1152 ad
1473 1124 1598 1152 sonos
1628 1115 1888 1163 notationum,
1919 1125 2022 1166 quos
2051 1110 2184 1163 ἰχθύς
2215 1118 2255 1152 et

75 1184 245 1238 ἔγχελυς
273 1187 431 1226 nomina
461 1197 559 1237 prae
589 1197 635 1226 se
668 1184 823 1235 ierunt,
866 1184 1100 1236 attenderit3
1139 1184 1207 1225 illo
1239 1185 1345 1225 enim
1374 1183 1535 1238 rapidus
1561 1185 1718 1238 quidam
1749 1189 1881 1227 motus
1912 1189 1952 1226 et
1982 1185 2099 1227 simul
2126 1186 2252 1240 rigor,

74 1259 152 1298 hoc
182 1259 354 1310 reptatio
387 1262 428 1297 et
456 1258 605 1297 lubrica
636 1257 867 1298 volubilitas
908 1258 1094 1309 pingitur.
1134 1278 1189 1284 —-
1221 1255 1278 1297 Cf.
1316 1257 1434 1296 etiam
1466 1256 1672 1297 Schulz.
1703 1257 1845 1310 Progr.
1877 1258 2085 1305 Quedlinb.
2127 1257 2252 1298 1855.

74 1344 113 1383 p.
142 1331 211 1374 23.
244 1354 294 1365 --
324 1331 434 1372 Iliad.
464 1331 631 1380 21,225.
662 1332 701 1372 in
732 1331 872 1384 Progr.
903 1330 1021 1372 Cruc.
1056 1330 1177 1371 1855.
1208 1343 1245 1383 p.
1276 1329 1343 1373 36.
1377 1327 1771 1383 conieci.‘'Excopa.
1804 1353 1855 1363 -

669 1435 840 1498 Iliad.
880 1434 1002 1498 Lib.
1044 1434 1192 1497 XXI.
1273 1453 1327 1498 v.
1370 1439 1668 1499 249—50.:

416 1529 786 1586 ἀκροκελαινιόων,
817 1528 890 1571 ἵνα
918 1545 993 1583 μιν
1023 1530 1210 1572 παύσειε
1241 1529 1397 1573 πόνοιο

416 1604 511 1643 δῖον
542 1602 750 1657 Ἀχιλλῆα,
788 1601 982 1656 Τρώεσσι
1012 1606 1059 1643 δὲ
1090 1602 1232 1655 λοιγόν
1263 1602 1477 1654 didimi.)

188 1678 376 1730 Repone:
407 1679 501 1728 μὲν.
532 1699 586 1706 ——
619 1677 677 1717 Cf.
708 1677 818 1729 quod
849 1676 896 1716 ad
926 1676 1031 1718 lliad.
1066 1676 1344 1727 13‚315-16.
1373 1680 1573 1721 annotavi.
1630 1679 1690 1720 De
1718 1691 1827 1722 vers.
1855 1679 1975 1722 319.:
2006 1675 2098 1726 ἅλις
2127 1684 2252 1732 χέρα-

76 1748 148 1797 δος
178 1745 412 1803 περιχεύας
441 1750 596 1804 μυρίον
628 1747 677 1790 cf.
694 1747 877 1791 Hermes.
907 1747 1052 1793 Leont.
1082 1763 1120 1793 V.
1152 1749 1318 1802 55-6„
1348 1749 1485 1805 Progr.
1518 1749 1633 1794 Cruc.
1667 1749 1787 1796 1855.
1819 1766 1859 1808 p.
1885 1750 2080 1805 10—11·,
2107 1751 2254 1807 Odyss.

74 1822 243 1872 16,121.
260 1827 299 1862 et
315 1823 463 1876 intrpp.
481 1822 530 1863 ad
547 1821 830 1872 ulad.22,3‡19.
851 1843 898 1851 —
919 1822 1014 1863 Iliad
1031 1822 1099 1874 21,
1133 1837 1168 1863 v.
1182 1823 1316 1868 322-
1326 1824 1392 1865 23.
1410 1825 1503 1865 nihil
1521 1829 1594 1876 cst,
1611 1837 1683 1867 cur
1699 1827 1922 1868 scribatur:
1959 1823 2252 1882 Τυμβοχοῆσζ

76 1891 159 1933 ὅτε.
201 1917 248 1925 —-
292 1895 479 1935 Ceterum
515 1907 597 1934 non
636 1899 772 1946 potest
811 1895 888 1934 hoc
928 1893 1165 1935 θάπτωσιν
1205 1897 1384 1937 conferri
1421 1909 1511 1938 cum
1552 1898 1714 1939 Cornel.
1749 1900 1853 1951 Nep.
1888 1899 2000 1941 Eum.
2046 1898 2153 1950 13‚3.
2199 1918 2255 1927 --

75 1966 121 2009 V.
152 1967 244 2009 340.
275 1973 389 2008 recte
429 1967 778 2008 Thierschius
819 1968 997 2019 scripsit:
1038 1971 1143 2021 πρίν
1172 1966 1206 2020 γ’
1235 1967 1474 2018 ἅπόπαυες
1513 1969 1564 2012 cf.
1598 1971 1708 2022 1,98.
1742 1971 1880 2022 5,288.
1914 1970 2053 2021 9,488.
2088 1969 2254 2021 13,105.

77 2037 215 2090 18:153
244 2039 335 2080 135.
396 2038 544 2095 Odyss.
578 2038 743 2089 13,124;
770 2038 869 2090 3225
895 2038 993 2091 3365
1029 2039 1194 2091 18‚289.
1225 2041 1327 2092 alibi,
1359 2046 1398 2082 et
1427 2042 1624 2097 Spitzn.
1684 2044 1744 2085 De
1763 2043 1880 2085 Vers.
1894 2043 1989 2085 Her.
2005 2055 2100 2098 pag.
2115 2041 2253 2085 82.—

75 2112 204 2152 Versu
241 2111 338 2152 477.
368 2114 600 2153 necessario
640 2111 920 2153 scribendum:
961 2111 1241 2164 πολεμίξειν,·
1282 2114 1359 2155 vid.
1398 2115 1555 2168 Heyn.
1587 2137 1639 2147 -·
1671 2117 1801 2158 Versu
1831 2115 1929 2158 530.
1960 2116 2026 2170 qui
2055 2113 2252 2169 ὀτρύνων

74 2183 208 2233 edunt,
239 2183 408 2225 inventis
440 2184 623 2238 frugibus
654 2184 841 2238 glandem
871 2185 1018 2226 malunt
1048 2184 1185 2227 edere.
1216 2208 1269 2218 -

745 2269 913 2334 Iliad.
952 2271 1075 2335 Lib.
1119 2272 1268 2336 XXI.
1350 2292 1405 2336 V.
1447 2278 1596 2338 534:

413 2366 549 2423 αὐτὰρ
580 2369 681 2409 ἐπεί
706 2367 744 2408 κ’
774 2368 817 2416 ἐς
846 2369 984 2421 τεῖχος
1013 2367 1324 2413 ἀναπνεύσωσι
1352 2369 1566 2424 ἄλέντες,)

182 2441 372 2494 Repone:
412 2441 513 2480 ἐπεί
547 2440 581 2492 γ’
612 2442 654 2488 ἐς
692 2442 833 2492 τεῖχος
862 2439 1219 2484 ἄναπνειίσονται
1248 2446 1316 2486 vel
1344 2442 1694 2497 α’ναπνειίσουσι,
1729 2450 1774 2488 ut
1802 2447 1921 2489 etiam
1951 2446 2148 2501 digamma
2175 2457 2252 2490 ex·

67 2514 245 2566 pleatur3
277 2513 328 2553 cf.
359 2513 409 2553 dc
440 2513 511 2555 fut.
542 2519 618 2555 act.
657 2514 929 2556 Thiersch.
962 2514 1028 2555 Gr.
1061 2516 1126 2557 Gr.
1156 2519 1199 2569 §.
1231 2517 1419 2570 125‚20.‚
1450 2520 1661 2563 Passov.
1703 2519 1800 2561 Lex.
1841 2518 1908 2560 Gr.
1945 2519 1974 2563 1.
2015 2532 2110 2575 pag.
2144 2517 2252 2573 156„

67 2586 238 2639 steph.
270 2585 391 2627 Thes.
432 2586 496 2627 ed.
536 2585 658 2628 Paris.
699 2592 740 2627 et
779 2589 955 2628 Damm.
997 2589 1096 2631 Lex.
1137 2590 1301 2632 Homer.
1347 2591 1412 2633 ed.
1449 2592 1586 2634 Rost.
1610 2604 1650 2641 As.
1683 2605 1721 2633 v.
1752 2596 1885 2632 πνέω.
1916 2614 1971 2621 --
2002 2591 2251 2647 Incipere

66 2659 341 2710 respirare
371 2658 467 2699 nihil
496 2662 578 2707 est3
615 2658 665 2699 cf.
706 2660 875 2712 15,235.
915 2665 955 2702 et
995 2660 1133 2713 16‚42.
1175 2685 1230 2693 —-
1280 2663 1337 2703 Dc
1376 2665 1564 2718 particula
1604 2663 1702 2706 ἐπεὶ
1743 2676 1834 2706 cum
1873 2663 2007 2707 futuro
2037 2666 2248 2708 coniuncta

66 2729 145 2772 vid.
163 2730 323 2775 Passov.
338 2732 435 2774 Lex.
451 2731 518 2775 Gr.
536 2737 576 2774 et
592 2732 749 2786 Steph.
768 2735 902 2777 Thes.
917 2735 958 2776 3.
973 2748 1065 2791 pag.
1081 2738 1205 2779 1455.
1224 2761 1268 2769 --
1292 2737 1393 2781 Olim
1412 2739 1588 2781 conieci:
1613 2738 1715 2779 ἐπεί
1726 2735 1762 2777 κ’
1778 2736 1821 2786 ἐς
1836 2757 1890 2771 -
1906 2736 2248 2781 vivan-vemat.—
