2360 3024
999 150 1360 206 *κωκυ-

706 283 906 363 Odyss.
943 284 1067 350 Lib.
1106 283 1229 349 XV.
1312 301 1369 347 v.
1409 285 1668 346 267—8.:

434 399 485 450 ἐξ
510 396 678 455 Ἰθάκης
705 402 825 454 γένος
854 395 956 452 εἰμί,
987 395 1132 455 πατὴρ
1158 398 1211 441 δέ
1236 398 1318 452 μοί
1342 395 1458 439 ἐστιν
1485 393 1726 448 Ὀδυσσεύς,

434 470 480 512 εἴ
500 469 601 513 ποτ’
628 471 715 528 ἔην·
743 468 826 512 νῦν
854 468 893 511 δ’
921 466 1005 530 ἤδη
1032 468 1262 526 ἀπέφθιτο
1290 466 1447 525 λυγρόν
1475 461 1699 524 ὄλεθρον.)

209 545 372 586 Praeter
408 540 438 601 ἤ
469 557 650 600 repone,
690 545 724 585 si
764 555 866 597 opus
906 549 990 586 est:
1030 549 1142 584 ποτέ
1165 542 1201 597 γ’
1235 536 1305 600 ἦν.
1346 565 1399 573 -
1438 542 1496 583 cf.
1528 555 1630 599 quae
1660 544 1712 584 ad
1739 542 1846 585 iliad.
1876 540 2016 596 2180.
2047 547 2088 583 et
2115 541 2262 597 odyss.

99 616 263 671 19,315.
292 619 491 662 annotavi.
521 642 576 650 —

779 723 981 804 Odyss.
1020 723 1143 787 Lib
1182 723 1306 787 XV.
1386 741 1441 787 v.
1481 727 1619 787 317.:

339 843 351 847 ”
431 833 551 895 αἶψά
578 853 651 880 κεν
679 853 728 880 ευ
761 836 940 894 δρώοιμι
969 836 1082 892 μετοὲ
1110 841 1275 892 σφίσιν,
1306 834 1332 879 ‘o'
1361 836 1424 879 ‘cv’
1439 837 1684 892 ἐθέλοιεν.)

208 879 397 967 Repone:
426 909 527 952 α’σο)
554 911 762 953 εθέλοιεν.
791 934 847 941 -
876 911 936 955 Cf.
966 911 1073 952 Iliad.
1106 911 1243 962 1.,554
1272 934 1327 941 ——

207 987 340 1028 Versu
372 984 470 1028 372.
499 987 674 1028 subeunt
701 987 874 1026 animum
902 996 965 1035 ea,
994 965 1097 1036 quae
1127 984 1513 1040 schellingius,
1543 984 1871 1039 philosophorum
1910 983 2266 1040 φιλολογώτατος,

96 1061 147 1100 de
198 1061 236 1100 vi
278 1056 422 1112 μάκαρ
466 1056 718 1111 (μακάριος)
758 1059 872 1098 vocis
912 1056 1098 1099 disseruit
1137 1057 1259 1111 (Opp.
1298 1058 1371 1108 11„
1415 1059 1450 1099 1.
1495 1071 1591 1111 pag.
1631 1058 1728 1099 469.
1772 1061 1895 1111 sqq->2
1933 1073 1998 1110 μα
2035 1062 2267 1113 negativum

97 1144 189 1174 esse
227 1132 311 1174 vult
345 1136 386 1173 et
422 1145 502 1186 καρ
536 1129 627 1172 duci
656 1142 679 1171 a
707 1130 834 1172 verbo
869 1130 992 1184 κείρω
1027 1131 1192 1184 (κέρω),
1223 1131 1518 1182 absumere,
1561 1129 1666 1172 unde
1705 1131 1754 1172 sit
1790 1129 1967 1185 καρδία,
2008 1135 2126 1186 κέαρ,
2166 1131 2265 1187 κῆρ,

94 1205 305 1246 affectuum
349 1204 488 1254 sedes,
530 1204 700 1252 amoris,
754 1204 968 1256 appetitus,
1010 1203 1251 1252 moestitiae,
1296 1203 1451 1257 gaudii3
1495 1203 1570 1244 hos
1616 1208 1748 1244 sutem
1782 1205 1896 1244 animi
1932 1209 2074 1255 motus,
2109 1210 2268 1258 pertur-

95 1278 297 1329 bationes,
337 1276 524 1320 tumultus
560 1288 650 1317 esse
687 1276 812 1330 ipsam
853 1274 1024 1319 hominis
1061 1275 1354 1325 infelicitatem;
1384 1280 1524 1318 contra
1553 1276 1734 1318 sedatum
1764 1290 1858 1328 cor,
1894 1278 2004 1330 quod
2035 1291 2176 1320 omnes
2205 1280 2267 1320 sui

96 1339 467 1402 curas-'contriverit
489 1348 692 1392 oblivione
711 1348 786 1400 sui,
805 1349 931 1403 ipsam
950 1360 1042 1390 esse
1071 1348 1365 1392 beatitudinem.
1395 1373 1450 1380 ——
1476 1374 1531 1381 —-
1561 1349 1676 1404 Apud
1707 1349 1908 1393 Platonem
1936 1351 2038 1394 haec
2066 1363 2151 1394 vox
2176 1351 2267 1394 fere

94 1426 246 1466 ironice
275 1424 407 1478 posits
437 1428 501 1465 est
539 1428 580 1465 et
619 1434 810 1464 errore
847 1423 1164 1464 fortunatum
1203 1422 1422 1477 significat,
1461 1424 1528 1477 qui
1558 1424 1634 1464 sibi
1664 1423 1780 1465 valde
1811 1424 1944 1478 placet
1971 1423 2037 1465 vel
2065 1424 2268 1479 imperitus

95 1503 181 1547 est,
220 1503 263 1538 ut
300 1510 322 1537 a
363 1509 408 1537 se
446 1498 536 1550 ipso
566 1501 632 1537 aut
662 1497 709 1535 ab
740 1497 824 1535 aliis
853 1508 940 1536 rem
970 1496 1135 1548 aliquam
1168 1497 1295 1535 teneri
1325 1496 1531 1549 opinetur,
1562 1508 1665 1550 quae
1696 1508 1841 1551 reapse
1871 1509 1951 1539 non
1980 1501 2150 1541 tenetur.
2210 1497 2268 1539 Cf.

94 1571 228 1614 Horat.
266 1572 388 1624 Epist.
424 1570 621 1621 2‚2,108.‚
658 1570 780 1622 Epist.
815 1565 867 1609 ed
896 1569 975 1610 Pis.
1003 1568 1114 1618 425,
1142 1569 1237 1609 Plat.
1267 1570 1374 1610 Men.
1402 1567 1470 1621 71.
1501 1569 1552 1610 A.
1562 1599 1576 1619 ,
1607 1569 1700 1622 Lys.
1731 1583 1769 1624 p.
1798 1569 1895 1611 208.
1924 1571 1986 1619 B.‚
2018 1571 2202 1624 Sympos.
2230 1584 2267 1624 p.

96 1642 191 1684 198.
230 1643 295 1694 B.‚
336 1642 433 1685 219.
473 1642 548 1694 A„
588 1642 680 1683 Crit.
723 1655 761 1696 p.
802 1642 872 1684 44.
933 1641 976 1684 C.
1007 1664 1063 1672 —
1090 1642 1214 1684 Adde
1243 1641 1410 1696 Apocal.
1439 1640 1574 1694 3‚17.,
1610 1642 1683 1684 Ev.
1711 1641 1809 1685 Luc.
1837 1640 2063 1694 6‚21-25.
2093 1666 2148 1673 —

665 1746 862 1824 odyss.
902 1746 1024 1810 Lib.
1065 1746 1216 1810 XVI.
1296 1765 1352 1809 v.
1395 1751 1689 1811 296—97.:

431 1860 680 1902 καλλιπέειν
708 1860 780 1901 καὶ
809 1859 909 1902 δοιά
936 1859 1118 1915 βοάγρια
1147 1860 1294 1915 χερσὶν
1322 1859 1516 1911 ἑλέσθαι,

433 1932 488 1982 ὦς
516 1930 573 1974 ἄν
602 1931 898 1985 ἐπιθύσαντες
928 1932 1152 1988 ἑλοίμεθα·
1152 1935 1176 1983 )

206 2011 391 2064 Repone:
421 2007 736 2059 ἐπιθόσοντες;
766 2009 933 2062 primum
964 2008 1067 2048 enim
1096 2007 1267 2061 capiunt,
1299 2005 1446 2048 deinde
1476 2007 1645 2049 irmunt.
1675 2030 1729 2038 —

731 2114 929 2192 odyss.
970 2112 1093 2175 Lib.
1136 2111 1288 2174 xvl.
1369 2129 1425 2174 v.
1467 2116 1618 2175 437.:

431 2227 508 2271 οὐκ
536 2228 632 2270 ἔσθ’
661 2218 786 2277 οὗτος
815 2226 940 2285 α’νήρ,
970 2224 1063 2270 οὐδ’
1091 2228 1271 2278 ἔσσεται,
1303 2226 1406 2268 οὐδὲ
1435 2231 1645 2284 γένηται,)

205 2320 302 2361 Tam
326 2319 453 2362 aliena
473 2324 517 2361 ut
535 2320 692 2362 locutus
711 2319 891 2361 videatur
905 2318 1138 2376 Homerus?
1169 2340 1223 2346 —
1253 2318 1479 2360 Discavebo
1503 2318 1698 2373 equidem,
1733 2330 1785 2360 ne
1807 2320 1899 2374 quis
1919 2322 2047 2374 possit
2077 2322 2181 2365 adeo
2205 2337 2267 2365 me

94 2392 308 2445 infatuare,
338 2397 380 2434 ut
409 2393 594 2435 credam!
623 2416 677 2424 —-
706 2392 893 2447 Repone:
924 2388 1016 2432 οὐδ’
1044 2387 1273 2444 ἐσσύμενός
1301 2407 1347 2444 γε
1386 2396 1580 2447 γένηται;
1619 2397 1751 2434 certe
1791 2405 1884 2435 non
1923 2396 2118 2438 vitalem
2158 2410 2266 2440 esse

94 2466 203 2509 dicit.
234 2487 287 2497 ·-
318 2465 378 2510 Cf·
407 2479 510 2519 quae
540 2467 592 2509 sd
623 2465 876 2519 18:19—80.
907 2468 1095 2507 annotata
1123 2468 1223 2506 sunt.
1250 2487 1302 2495 —

203 2538 315 2581 Haec
349 2552 421 2582 res
450 2538 565 2582 affert
594 2539 688 2582 mihi
714 2539 946 2581 memoriam
973 2538 1161 2585 Platonici
1190 2536 1392 2592 Symposii
1421 2550 1511 2592 pag.
1545 2538 1638 2580 195.
1669 2539 1729 2591 B.‚
1759 2542 1829 2583 ubi
1858 2542 2036 2584 similiter
2064 2543 2172 2585 idem
2202 2544 2266 2586 bis

91 2612 238 2655 dictum
266 2617 344 2665 est,
372 2614 450 2656 nisi
478 2625 632 2657 mecum
660 2613 994 2669 interpretabere,
1020 2612 1210 2655 Amorem
1237 2622 1320 2653 non
1348 2610 1481 2653 solum
1509 2624 1590 2655 una
1609 2615 1768 2659 versari
1787 2628 1878 2658 cum
1892 2617 2025 2672 pueris
2040 2620 2081 2659 et
2096 2616 2266 2660 adoles,
2308 2656 2313 2661 ,

79 2686 288 2738 centibus,
317 2685 392 2729 sed
406 2687 523 2728 etiam
538 2699 614 2742 per
627 2686 732 2729 illam
751 2688 1045 2729 consortionem
1075 2697 1195 2730 esse
1222 2685 1309 2726 sive
1337 2687 1476 2728 vivere
1492 2687 1696 2743 navigero
1708 2700 1904 2745 suamque
1920 2690 2070 2733 habere
2086 2694 2266 2741 natur-n)

91 2763 224 2817 utque.
243 2760 335 2811 vim.
366 2781 422 2793 —
451 2760 845 2814 Stallbaumius‚
875 2762 937 2805 vir
964 2760 1096 2804 subtili
1124 2757 1284 2812 iudicio,
1315 2758 1380 2802 hic
1409 2756 1668 2819 ταύτολογεῒ
1691 2762 1919 2808 manifesto!
1949 2786 2005 2798 «-

2153 2832 2181 2875 8
