2360 3024
1003 133 1356 187 ...οι-1....-

738 261 907 329 iliad.
947 263 1075 329 Lib.
1117 264 1292 329 xxll.
1372 283 1428 329 v.
1470 268 1593 331 84.;

427 379 513 422 τῶν
542 380 720 436 μνῆσαι,
753 379 852 435 φίλε
881 384 1045 432 τέκνον,
1076 376 1214 433 ἄμυνε
1242 380 1292 422 δὲ
1320 377 1444 436 δήιον
1473 376 1635 436 ἄνδρα)
1728 381 1820 415 w*

199 453 385 507 Repone:
417 450 543 494 ἅλευε
572 454 621 494 δὲ
651 454 773 508 δηίον
803 448 942 506 ἄνδρα
969 455 1129 505 τείχεος
1157 451 1279 501 ἐντός
1302 450 1395 495 ἰόν.
1432 453 1644 509 Vulgatum
1668 453 1757 497 erat
1769 453 1873 506 ἷώνῑ
1904 456 2012 509 quod
2026 457 2262 512 Heynius

86 526 187 567 falso
216 527 345 568 minus
375 526 712 568 accommodatum
742 531 874 576 vocat,
913 527 968 567 ita
997 527 1079 566 ἔσω
1109 526 1363 569 Homericum
1392 538 1486 570 esse
1516 527 1709 583 opinans3
1737 529 1790 572 cf.
1821 528 1963 581 1,432.
1996 554 2051 561 —
2088 533 2261 583 Τείχεος

87 597 207 647 ἐντός
236 597 318 641 ἐών
348 599 498 642 Hector
526 612 607 643 non
637 603 771 655 potest
783 597 984 652 ἀμύναις
1013 611 1105 642 nam
1134 612 1215 642 non
1245 604 1308 643 est
1335 601 1377 643 in
1404 601 1505 643 urhe
1536 599 1607 656 (ut
1632 600 1827 657 Lapithae
1850 601 1962 646 Iliad.
1982 602 2254 658 12‚141-2.‚

86 676 128 714 et
157 672 235 714 alia
263 673 364 715 ratio
396 678 457 715 est
484 673 592 716 Iliad.
620 673 762 726 4,341.
793 678 833 715 et
863 672 1066 728 12‚315.)‚
1094 686 1228 729 neque
1257 674 1373 717 matri
1400 673 1442 716 id
1469 686 1574 717 nune
1602 676 1726 742 cupae
1755 679 1833 729 est,
1861 680 1905 719 ut
1931 675 2129 721 Achillem
2157 677 2261 722 filius

88 751 246 796 arceat,
284 746 355 788 sed
384 752 428 789 ut
464 747 561 802 fuga
593 747 747 789 evadat.
813 746 1099 811 Vid.bSteph.
1129 744 1248 790 Thes'.
1277 759 1311 790 s.
1341 760 1380 790 v.
1410 745 1553 790 ἅλεύω
1583 743 1793 792 οῖ’ὂὶλευε.
1853 748 1914 794 Cf.
1944 747 2151 804 ἄμπνυτο
2181 755 2262 793 oet.

87 824 127 861 et
156 815 343 873 ἄμπνυε.
375 844 428 852 -

733 908 902 972 Iliad.
943 908 1065 972 Lib.
1108 909 1281 971 XXII.
1362 927 1418 971 V.
1462 913 1603 972 157.:

421 1026 475 1080 τῇ
504 1026 558 1078 ῥα
588 1026 939 1078 παραδραμέτην,
972 1023 1154 1077 φεύγων,
1184 1022 1209 1065 ὃ
1237 1024 1277 1065 δ’
1306 1020 1472 1065 ὄπισθε
1501 1024 1706 1076 διαίκων,)

195 1098 284 1139 Νοη
316 1102 447 1150 potest
477 1099 697 1151 comparari
726 1096 835 1140 Iliad.
864 1095 1003 1148 Ι7,418.
1062 1096 1250 1151 Repone:
1282 1096 1536 1152 παράδραμ’
1566 1096 1591 1139 ὃ
1621 1101 1715 1160 μὲν.
1776 1099 1835 1140 Cf.
1864 1098 1948 1150 28.
1979 1123 2034 1130 —

732 1201 900 1265 mad.
943 1201 1066 1265 Lib.
1107 1202 1283 1265 XXII.
1366 1220 1422 1264 V·
1465 1208 1609 1266 202:

368 1374 373 1377 ι
421 1315 513 1366 πῶς
543 1316 595 1358 δέ
620 1331 692 1358 κεν
711 1314 869 1372 Ἕκτωρ
898 1314 1027 1374 κῆρας
1058 1312 1330 1371 ὑπεξέφυγεν
1359 1314 1593 1369 θανάτοιο,
1595 1319 1617 1369 )

194 1392 341 1432 Nescio
373 1404 421 1432 an
451 1391 545 1439 πῶς
575 1392 627 1431 δέ
654 1405 732 1432 νυν
762 1392 1022 1434 scribendum
1052 1392 1117 1432 sit.
1147 1413 1201 1420 -

735 1495 902 1559 Iliad.
942 1495 1069 1559 Lib.
1112 1494 1287 1558 ΧΧΠ.
1367 1513 1423 1559 v.
1467 1500 1617 1560 349.:

420 1609 512 1653 066⁰.
540 1611 586 1651 εἴ
606 1626 678 1652 κεν
708 1609 875 1657 δεκάκις
903 1610 974 1650 καὶ
1004 1608 1294 1664 ἐεικοσινήριτ’
1323 1607 1512 1661 ἄποινα)

192 1685 382 1740 Reponez
422 1684 467 1726 εἴ
488 1699 562 1738 μοι
601 1682 768 1733 δεκάκις
806 1700 853 1726 τε
891 1682 962 1725 καὶ
992 1680 1204 1732 εἰκοσάκις
1233 1684 1320 1735 (vel
1348 1681 1516 1732 δεκάκις
1543 1682 1615 1725 καὶ
1645 1682 1898 1736 ἐεικοσάκι-ς)
1927 1684 2049 1728 κλυ’τ’
2078 1682 2255 1730 ἄποινα.

82 1758 140 1801 Cf.
170 1757 334 1812 9‚379.t

408 1831 501 1872 οὐδ’
529 1832 568 1871 εἶ
593 1847 669 1885 μοι
698 1831 865 1878 δεκάκις
893 1846 940 1870 τε
969 1831 1040 1870 καὶ
1070 1829 1278 1877 εἰκοσάκις
1307 1831 1417 1871 τόσα
1447 1832 1556 1885 δοίη,

79 1912 121 1948 et
161 1906 307 1960 odyss.
347 1905 510 1955 8‚417.2
551 1905 684 1946 κλυτοέ
721 1905 850 1958 δῶρα.
909 1904 1080 1958 Vulgata
1109 1905 1307 1957 scriptura
1345 1906 1493 1957 pariter
1522 1910 1585 1945 est
1614 1906 1863 1958 importunus
1891 1907 2160 1949 barbarismus
2192 1913 2254 1949 at-

80 1992 157 2032 que
197 1978 455 2021 zehnfach
495 1979 595 2021 und
635 1979 894 2033 zwanzig;
933 1976 1037 2018 δέκα
1074 1975 1146 2017 καὶ
1185 1974 1396 2024 εἰκοσάκις
1432 1977 1605 2020 fortasse
1643 1978 1841 2031 patienter
1879 1978 1978 2021 ferri
2007 1984 2171 2032 posset,
2213 1985 2256 2021 ut

78 2052 206 2094 zehn
245 2052 347 2094 und
385 2051 655 2107 zwanzigi'
662 2052 768 2094 ach.
832 2051 915 2094 Sed
945 2051 1078 2092 omnia
1118 2049 1261 2103 edepol
1299 2051 1422 2101 mira,
1451 2051 1527 2092 nisi
1557 2056 1672 2104 sunt,
1714 2052 1782 2105 qui
1812 2057 1951 2094 eontra
1979 2054 2162 2107 impense
2192 2052 2257 2096 hie

79 2126 309 2167 collaudent
348 2131 493 2179 poetae
533 2130 679 2173 artem,
721 2138 801 2180 qua
829 2124 1022 2166 Achillem
1061 2125 1251 2165 iracunde
1281 2122 1578 2177 παφλάζοντα
1607 2138 1753 2179 aspera
1782 2127 1964 2167 emtione
1994 2129 2255 2179 expresserit,

76 2198 223 2241 Junoni
261 2211 349 2241 eum
388 2199 598 2255 ingeniosa
628 2210 819 2241 caesurae
851 2196 1074 2239 offensione
1103 2208 1325 2250 suspensae
1356 2199 1605 2251 comparem!
1652 2198 1711 2239 Cf.
1743 2211 1848 2252 quae
1877 2198 1927 2241 ad
1960 2198 2098 2250 15,18.
2127 2211 2256 2241 anno-

76 2272 169 2314 tavi·
205 2293 259 2303 —
298 2271 389 2314 Vox
427 2269 595 2328 νήριτος
623 2272 712 2313 sine
743 2271 864 2313 dubio
896 2270 1069 2311 debetur
1096 2270 1319 2311 inveterato
1350 2271 1482 2312 errori
1512 2276 1551 2312 et
1580 2271 1684 2325 apud
1715 2271 1885 2315 Hesiod.
1918 2271 1993 2326 Op.
2023 2271 2120 2314 511.
2151 2273 2256 2314 scri-

76 2344 272 2387 bendum:
301 2343 391 2386 τότ’
421 2343 641 2400 ἀπείριτος
670 2340 774 2400 ῧλης
802 2346 896 2387 item
926 2344 1026 2397 apud
1055 2343 1246 2396 Aponon.
1274 2344 1405 2387 Rhod.
1435 2344 1627 2395 3,1288.2
1664 2343 1818 2385 ἀσπίδ’
1847 2344 2051 2400 α’πείριτα
2079 2344 2255 2399 ταύρων

77 2417 217 2471 ἴχνια,
266 2418 317 2469 4,
366 2418 483 2463 158.2
533 2417 654 2473 α’μφί
697 2417 734 2460 τ’
773 2416 993 2472 ἀπείριτος
1037 2413 1168 2472 ὀδμή.
1215 2439 1266 2448 --
1314 2416 1414 2458 Olim
1460 2418 1563 2472 apud
1606 2418 1823 2461 Homerum
1871 2430 2033 2474 quoque
2077 2419 2252 2461 conieci:

78 2489 207 2533 εἴκοσ’
236 2489 421 2545 ἄπει’ριτ’
450 2488 628 2534 ἄποινα.
687 2491 746 2534 Cf.
776 2504 870 2547 pag.
900 2491 968 2535 16.
998 2495 1040 2533 et
1066 2489 1172 2532 Iliad.
1202 2489 1372 2543 23,760.
1404 2514 1455 2523 ·—

728 2572 898 2638 Iliad.
939 2572 1061 2636 Lib.
1100 2572 1276 2637 xxll.
1358 2592 1414 2637 v.
1457 2578 1610 2637 492:

416 2670 646 2726 δευόμενος
675 2672 727 2713 δέ
753 2672 791 2712 τ’
819 2668 959 2713 ἄνεισι
987 2669 1093 2719 πάις
1122 2671 1165 2718 ἐς
1193 2669 1359 2726 πατρός
1388 2670 1622 2726 ἑταίρους,)

191 2744 322 2795 Quid
360 2746 441 2789 hoe
478 2747 574 2790 loeo
614 2750 740 2801 pote
778 2746 933 2802 peius
971 2746 1248 2802 quiequam
1282 2745 1361 2788 isto
1399 2746 1528 2789 verbo
1559 2741 1700 2788 ἄνεισι
1728 2744 2102 2788 memorarier‘?
2131 2757 2252 2801 prae-

2121 2814 2147 2854 5
