2360 3024
987 104 1355 160 *azzo-—

192 240 320 295 Epod.
351 241 490 293 5,100.
520 240 728 284 emendavi
756 240 902 296 Progr.
932 242 1047 284 Cruc.
1080 240 1203 284 1846.
1234 253 1324 295 pag.
1359 238 1445 284 st:
1476 239 1622 281 alites
1649 238 1926 292 Esquiliae
1956 238 2045 295 (cn,
2075 252 2176 293 quae
2206 239 2256 282 ad

80 313 226 369 odyss.
261 311 426 364 18,246.
456 312 697 369 annotavi.);
725 313 764 354 id
793 314 905 369 quod
947 315 1049 369 sugit
1085 313 1359 355 Linkerum
1398 317 1438 352 et
1481 312 1839 354 Meiueckium.
1912 312 2151 367 Spurcificus
2178 314 2256 355 istc

77 387 205 429 hiatus
234 389 393 429 minime
423 387 528 440 apud
557 388 759 428 Horatium
789 392 924 441 potest
954 387 1149 440 exemplis
1179 387 1317 428 alienis
1348 386 1522 427 defendi.
1545 407 1589 415 --
1613 407 1660 415 —
1681 383 2126 440 Epod.8,¹3.reponez
2156 399 2253 427 ma-

77 465 229 503 trona
259 473 339 503 nec
368 462 431 502 sit.
461 482 511 493 —-
530 483 585 491 -
614 460 741 515 Epod.
763 461 819 513 9,
850 460 919 504 26.
950 460 1249 516 sepulcrum
1279 461 1367 503 sine
1405 459 1524 501 dubio
1564 462 1626 500 est
1655 457 1784 500 aliena
1824 459 2102 513 interpretatio
2143 461 2255 502 vocis

75 533 316 575 tribunal
343 533 370 574 i.
387 546 424 576 e.
440 539 661 590 suggestus
685 533 901 588 (tumulus)
922 534 1086 576 honoris
1110 545 1252 575 caussa
1278 537 1519 583 exstructuS,
1541 536 1835 573 monumentum
1851 532 2019 574 funebre
2027 546 2041 582 ς
2065 532 2147 573 vid.
2162 533 2256 575 Tac.

76 605 127 650 A.
159 604 274 657 283.
312 606 373 648 Cf.
406 607 504 652 Plin.
547 606 720 658 16,1,1.‚
756 608 870 660 Apul.
910 608 1017 649 Flor.
1054 620 1093 650 n.
1135 606 1345 663 16.·‘med.
1387 628 1438 637 -
1471 605 1574 647 Olim
1605 606 1763 646 conieci
1802 609 2086 658 tropaeum.
2115 628 2171 636 -
2200 627 2256 637 —-

73 678 206 732 Epod.
246 677 382 730 11,st
423 691 600 734 repone:
645 681 897 731 Lamenta,
947 685 988 722 et
1030 681 1173 721 mirare
1215 683 1294 720 tam
1338 679 1400 719 diu
1445 679 1626 732 potuisse
1671 679 1788 719 etiam
1829 678 1931 721 hanc
1971 678 2254 721 Mostellariam

75 750 292 794 ludificari!
322 772 377 784 —-
408 751 505 800 Quis
543 752 738 805 intelligat
779 753 881 794 haec
920 753 1141 794 fomenta
1181 751 1277 802 dici,
1317 763 1419 804 quae
1455 763 1492 791 v.
1527 750 1701 801 9·—12.,
1736 751 1960 805 leguntur?
1997 774 2050 781 —
2091 756 2132 791 et
2168 752 2255 804 quis

76 836 199 866 sanus
228 829 365 877 potest
392 824 620 866 fomenta
648 826 820 866 ventis
850 825 1126 865 dividere?
1148 823 1413 876 ——Epod
1448 823 1553 874 13,3.
1583 823 1658 865 sub
1687 823 1886 864 vocabulo
1916 822 2051 863 amici
2081 823 2254 865 abditum

75 901 138 938 est
180 908 327 938 nomeu
370 899 576 951 proprium
621 900 724 948 eius,
764 899 813 938 ad
857 910 975 951 quem
1015 899 1094 939 hoc
1123 910 1288 939 carmen
1332 897 1597 950 conscriptum
1638 900 1713 946 est,
1755 896 1880 939 velut:
1909 896 2051 947 Acili,
2090 895 2254 949 Opimi.

73 992 129 1001 --
160 993 214 1001 -
244 970 377 1025 Epod.
421 970 557 1022 14,13.
608 971 820 1012 emendavi
867 971 1012 1025 Progr.
1061 970 1278 1012 Crucenac.
1325 969 1444 1013 1846.
1485 982 1578 1023 pag.
1616 968 1706 1013 28.2
1747 981 1846 1022 quo
1891 970 1955 1019 si;
2003 969 2114 1023 quod
2141 967 2255 1024 :fugit

75 1042 420 1086 Meineckium
472 1046 513 1084 et
563 1042 856 1095 ffinkerum,
915 1044 984 1097 qui
1026 1044 1083 1087 sic
1124 1042 1262 1085 edidit.
1307 1065 1361 1073 -
1410 1065 1460 1074 --
1510 1041 1612 1084 lbid.
1656 1041 1865 1083 emendavi
1911 1041 2042 1096 Epod.
2096 1041 2252 1094 16,41.:

74 1116 153 1155 eia
182 1114 360 1169 (heia),
405 1116 557 1157 beata
601 1122 832 1169 petamus
877 1128 1021 1166 arva3
1064 1127 1154 1157 nam
1194 1116 1257 1155 cui
1297 1125 1377 1154 non
1417 1119 1568 1154 eertum
1613 1119 1732 1167 atque
1772 1115 2010 1156 obstinatum
2038 1116 2087 1156 sit
2099 1114 2253 1168 ,quid—

76 1187 171 1242 quid
209 1188 399 1241 scriptum
443 1193 531 1240 est,
583 1189 809 1231 defendere
850 1193 891 1229 et
928 1188 1131 1243 perferre,
1176 1188 1407 1229 alterutrum
1447 1199 1558 1228 arva
1599 1188 1749 1241 pariter
1779 1199 2121 1240 supervacaneum
2159 1199 2253 1229 esse

75 1260 314 1302 confiteatur
352 1272 528 1302 necesse
574 1266 652 1312 est,
691 1266 813 1315 atque
856 1274 895 1302 v.
944 1246 1012 1303 65.
1059 1271 1190 1313 aere3
1233 1272 1324 1301 nam
1367 1263 1410 1300 ut
1453 1260 1566 1312 prius
1607 1271 1720 1300 arva
1763 1260 1813 1300 ab
1863 1260 2058 1301 adiectivo
2113 1261 2253 1301 beata

73 1333 231 1387 seiungi
261 1334 406 1386 possit,
450 1338 493 1375 ut
532 1346 613 1375 non
652 1337 803 1387 potest,
845 1337 977 1375 tamen
1019 1333 1171 1385 quivis,
1211 1332 1277 1386 qui
1321 1331 1422 1373 haec
1449 1331 1575 1374 verba
1610 1331 1716 1373 nullo
1760 1332 1870 1386 ligno
1915 1331 2096 1374 distincta
2140 1332 2253 1387 legit,

72 1406 239 1460 primum
268 1418 381 1449 arva
409 1407 459 1448 ad
488 1408 626 1449 beata
660 1407 833 1459 referet,
870 1407 947 1449 nisi
975 1407 1065 1461 quis
1094 1405 1391 1457 inclamaverit,
1425 1409 1469 1447 ut
1504 1405 1693 1447 subsistat
1739 1405 1954 1460 paullisper
1996 1410 2085 1459 post
2127 1417 2251 1447 arva.

72 1479 288 1521 Praeterea
315 1491 395 1521 non
427 1480 549 1522 credo
579 1481 666 1522 fieri
695 1481 887 1535 potuisse,
915 1484 958 1522 ut
986 1479 1174 1522 Horatius
1204 1481 1261 1520 sic
1291 1480 1378 1520 sine
1410 1478 1663 1521 adiunctione
1692 1478 1834 1519 Jovem
1870 1482 2042 1520 aetatum
2077 1489 2250 1531 corrup-

70 1557 207 1595 torem
220 1559 401 1596 narraret
418 1554 491 1609 (εἰ.
506 1566 599 1610 pag.
616 1554 718 1609 19.),
747 1554 821 1598 sed
842 1567 934 1597 eum
954 1554 1186 1608 scripsisse:
1208 1554 1517 1606 inquinarunt
1540 1564 1652 1594 aera
1670 1575 1717 1581 —
1738 1574 1790 1581 ——
1813 1551 1969 1594 Aerea
1996 1556 2088 1593 tum
2115 1552 2249 1593 ferro

73 1625 303 1667 durarunt
317 1626 632 1680 (neutr.)--
649 1628 861 1668 Orellius
890 1639 1003 1668 arva
1032 1628 1174 1667 beata
1204 1626 1584 1677 cet.anapboram
1599 1630 1716 1665 vocat
1736 1625 2066 1678 verelyricam
2082 1630 2250 1665 etcom-

71 1702 187 1749 parat
199 1697 337 1751 virgil.
352 1698 401 1740 A,
420 1698 545 1749 ‘1‚586
556 1699 664 1740 -7.1
690 1720 749 1731 —
763 1699 946 1739 Ceterum
963 1698 1224 1740 Val.Flaccus
1237 1709 1399 1750 quoque
1411 1698 1601 1750 corripuit
1612 1698 1786 1738 ultimam
1802 1699 1971 1739 voculae
1990 1699 2033 1739 ei
2045 1711 2081 1747 a,
2096 1695 2250 1747 8,110.;

74 1769 298 1812 Forcelli.
329 1771 381 1812 de
411 1775 595 1824 tempore
613 1771 726 1813 buius
744 1771 922 1824 syllabae
936 1783 1016 1812 non
1032 1770 1270 1813 sufficientia
1282 1774 1429 1819 narrat3
1460 1770 1513 1811 ci.
1526 1770 1712 1812 Lachm.
1725 1770 1776 1811 ad
1791 1770 1954 1812 Lucret.
1970 1782 2063 1825 pag.
2083 1769 2251 1813 163.Αά

71 1847 293 1884 extremum
322 1843 363 1884 in
393 1845 622 1885 memoriam
650 1843 839 1898 redigam
869 1841 1110 1898 legentibuS‚
1141 1843 1243 1884 banc
1261 1843 1493 1896 particulam
1511 1844 1676 1884 testibus
1689 1843 1886 1885 Heinsio
1916 1847 1957 1884 et
1985 1843 2249 1885 Burmanno

69 1927 193 1969 saepe
223 1927 317 1957 esse
348 1916 628 1957 oblitteratam!
658 1940 713 1947 —
745 1940 799 1946 -

182 1989 366 2032 Sermon.
406 1988 673 2040 1,1,103-4.
705 2001 879 2043 repone:
921 2002 1021 2031 cum
1056 1995 1187 2039 veto,
1216 1993 1261 2029 te
1292 2001 1487 2042 vappam
1516 1990 1657 2031 iubeo
1687 1988 1812 2031 fieri.
1841 2011 1897 2021 —
1923 1989 2022 2030 lbid.
2052 1989 2247 2040 1‚1‚105.,

71 2061 154 2103 duo
183 2061 342 2103 obscuri
371 2062 553 2104 homines
581 2061 797 2113 sufficiunt,
825 2063 967 2105 Tanais
996 2067 1037 2103 et
1052 2062 1252 2112 Visellius,
1282 2074 1415 2116 neque
1429 2062 1546 2103 tertio
1578 2074 1677 2116 opus
1706 2065 1782 2113 cst;
1810 2062 1898 2103 illos
1928 2067 2059 2103 autem
2088 2063 2248 2104 nomine

69 2133 278 2187 appellari,
312 2135 427 2176 huius
462 2146 611 2176 nomen
643 2135 826 2186 reticeri,
861 2135 1211 2177 insolentissimum
1242 2139 1317 2185 est3
1346 2139 1389 2175 et
1417 2139 1458 2175 ut
1485 2146 1633 2176 socer
1661 2134 1759 2176 ferri
1786 2137 1926 2189 possit,
1957 2135 2051 2189 quid
2079 2135 2144 2177 hic
2171 2135 2248 2177 vi-

67 2205 199 2256 sellio,
229 2209 371 2248 nescio
401 2209 478 2259 cui,
507 2209 660 2263 negotii
691 2208 784 2250 est?
823 2231 877 2238 —
912 2208 1029 2256 Quod
1059 2213 1198 2258 restat,
1229 2209 1441 2250 herniosus
1471 2221 1552 2250 non
1582 2213 1717 2261 potest
1746 2210 1892 2263 opponi
1920 2209 2092 2258 bomini,
2121 2209 2247 2261 qualis

67 2277 211 2322 Tanais
240 2278 328 2322 fuit:
358 2300 414 2312 ·-
444 2293 664 2323 socerum
698 2285 763 2322 est
797 2285 1042 2334 corruptum:
1079 2293 1218 2323 verum
1259 2281 1497 2324 vocabulum
1538 2281 1632 2335 lege
1674 2282 1779 2336 apud
1818 2281 2000 2334 Celsum,
2042 2282 2135 2333 vu„
2176 2281 2245 2324 18.

65 2356 167 2401 θοις
196 2356 259 2394 est
288 2352 534 2394 Graecorum
568 2349 737 2406 ὅσχεον.
774 2376 828 2383 -

178 2424 340 2478 Epistol.
376 2427 672 2476 1,15‚11—13.
702 2439 877 2481 repone:
911 2427 1045 2468 laeva
1080 2429 1421 2470 stomachabor
1455 2428 1658 2470 habena.
1723 2428 1872 2470 Maior
1906 2432 2061 2470 utrum
2095 2438 2244 2480 popu·

63 2497 157 2539 lum
177 2502 267 2541 cet.
290 2521 345 2528 -
362 2498 476 2539 Vers.
494 2499 561 2540 13.
574 2505 636 2541 est
650 2502 839 2543 insitivus.
885 2500 1015 2542 Recte
1039 2501 1318 2542 animadvertit
1337 2501 1559 2543 Clericus
1589 2501 1685 2543 nibil
1710 2513 1805 2543 esse
1827 2501 1905 2543 hoc
1924 2500 2017 2542 loco
2037 2501 2244 2550 contrarii3

62 2575 197 2614 tamen
208 2572 334 2627 vulgo
347 2573 400 2614 ita
414 2578 505 2615 sunt
519 2575 776 2627 interpretati,
794 2576 907 2628 quasi
922 2588 960 2616 v.
969 2573 1034 2618 12.
1052 2575 1106 2617 ha
1115 2575 1139 2616 b
1148 2587 1204 2617 en
1214 2587 1268 2616 ae
1283 2587 1365 2617 non
1378 2574 1483 2618 facta
1497 2579 1607 2618 esset
1619 2576 1783 2618 mentio.
1802 2575 1930 2623 Quem
1943 2572 2103 2628 quidem
2118 2586 2243 2617 erro-

63 2655 149 2685 rem
175 2644 406 2700 effugerunt
431 2645 840 2700 Dillenburgerus
870 2652 910 2688 et
939 2648 1229 2697 Diintzerus3
1259 2647 1331 2689 sed
1343 2648 1486 2690 horum
1508 2659 1669 2702 quoque
1693 2646 1984 2701 explicationes
2005 2658 2087 2689 non
2105 2646 2243 2689 ferunt

63 2716 150 2757 sed
167 2718 363 2771 voculam,
378 2731 519 2761 verum
536 2718 660 2760 altera
673 2718 872 2762 desiderat
887 2720 1122 2772 caussalem‚
1138 2719 1262 2763 altera
1277 2720 1365 2762 eius
1383 2719 1490 2762 modi
1505 2720 1753 2774 particulam,
1771 2731 1874 2774 quae
1886 2720 1938 2762 ad
1949 2718 2242 2773 explanandum
