2360 3024
1011 72 1362 202 ἙοΙΖεικ-

237 219 369 274 Tetigi
397 196 512 259 hano
522 210 614 260 rem
643 218 786 273 progr.
816 217 991 259 vntztar.
1018 190 1147 260 1835.
1177 230 1216 273 p.
1246 217 1287 263 7.
1315 217 1541 272 (Astrolog.
1570 215 1777 269 Manethq)
1807 227 1912 269 quae
1943 217 2006 256 vel
2038 216 2060 255 1
2076 216 2277 256 tutenio

100 292 230 335 fraudi
258 291 329 334 ruit
356 291 396 333 in
425 289 676 335 omnmo
704 284 902 345 Sfl‘p'p'bioo
929 303 1076 334 versu:

505 379 672 429 flach
681 380 889 440 oin-⁸1,
920 381 1053 423 wie’s
1080 381 1272 423 kitndet
1300 380 1384 422 die
1414 380 1519 421 alte
1548 379 1733 428 Fabet,

508 437 756 495 Uelini-’m
749 453 895 497 Baua
923 447 1285 522 blutssftvriqt
1311 452 1621 520 Tantaliden

509 527 631 567 Sein
662 527 901 580 Gespann
931 518 1233 569 ruck‘wflrts
1258 527 1345 568 mit
1371 525 1666 568 Ειιῑεοῑιστί
1677 517 1919 565 lenkend

646 600 946 643 Schaudert
975 600 1183 655 Apollo.
1213 622 1269 631 -

99 694 145 731 et
168 691 209 731 in
240 701 361 732 versu
390 689 560 732 Alcaico
590 688 642 731 ad
670 689 1003 732 Franciscum
1030 689 1098 732 11.:

443 779 823 853 Vergebens
852 778 1029 822 hoffst
1058 779 1138 830 du,
1168 778 1290 821 dass
1319 776 1411 820 der
1439 776 1727 818 Lonibarde
1752 779 1807 831 je

443 829 640 894 ‘Dicin
671 851 852 893 lichen
878 851 1051 902 ient,
1080 852 1206 894 dass
1228 844 1371 906 Ῑοῗῖε
1401 849 1493 891 der
1521 849 1648 891 Polo
1679 850 1839 890 lernt!

646 923 795 966 Wohl
823 924 1074 966 schleit'te
1103 922 1333 965 Hailand
1363 922 1553 964 Barbar
1567 934 1705 972 ossa,

781 997 929 1040 Aber
958 1009 1013 1039 es
1043 981 1253 1039 b‘futote
1285 996 1550 1038 Conradin
1579 997 1718 1037 auch.
1748 1019 1801 1025 -—

235 1087 345 1129 istud
384 1087 577 1129 einmal
617 1085 846 1140 pessumdat
885 1098 1072 1127 numeros
1101 1090 1140 1127 et
1171 1085 1292 1128 dass
1343 1090 1406 1127 est
1435 1086 1721 1127 tenuissimum.
1781 1085 1964 1125 Ceterum
1997 1083 2097 1124 falso
2128 1084 2277 1137 leg-itur

98 1161 137 1201 in
168 1160 349 1203 eiusdem
377 1158 565 1202 carminis
596 1158 731 1214 (certe
765 1159 857 1202 edit.
893 1158 1039 1211 1843.)
1067 1159 1184 1201 tertio
1214 1158 1382 1200 Alcaico
1411 1171 1555 1201 versu:

507 1250 635 1289 Dein
666 1249 814 1302 Auge
845 1249 1077 1304 gokehrt
1118 1260 1244 1299 war,
1277 1248 1398 1290 dass
1436 1247 1498 1289 du
1544 1247 1755 1299 volker,
1787 1260 1885 1298 ——3

303 1332 480 1373 repone:
511 1321 669 1364 Blick.
698 1343 754 1352 -

211 1392 321 1437 Iliad.
336 1390 473 1443 16,97.
486 1392 658 1436 locutio:
689 1391 737 1433 αἶ
758 1391 837 1447 γάρ
861 1392 951 1434 Ζεῦ
972 1398 1052 1436 cet.
1079 1398 1142 1435 est
1165 1406 1220 1434 ex
1241 1406 1409 1433 numero
1424 1406 1562 1433 eorum
1589 1393 1786 1433 dictorum
1813 1398 1853 1432 et
1872 1405 2019 1441 rerum,
2050 1404 2154 1445 quae
2176 1393 2277 1444 apud

100 1464 277 1509 Graecos
306 1469 347 1507 et
374 1464 576 1507 Romanos
604 1464 784 1507 trinitatis
814 1466 957 1508 indicia
987 1464 1200 1520 exhibent3
1229 1463 1309 1507 vid.
1339 1478 1442 1520 quae
1475 1465 1660 1508 annotavi
1694 1463 1741 1506 ad
1774 1464 1882 1507 iliad.
1913 1463 2194 1515 23‚200-13.
2225 1489 2274 1496 —

99 1539 526 1579 Schneidevinus
576 1549 735 1591 quoque
776 1537 967 1579 eiusmodi
1007 1538 1099 1592 quid
1138 1538 1298 1579 videtur
1337 1538 1514 1580 sensisse
1567 1538 1617 1579 ad
1662 1537 1783 1591 Soph.
1825 1536 1926 1578 Oed.
1969 1536 2070 1592 neg.
2110 1550 2148 1577 v.
2182 1536 2274 1578 163.

99 1611 218 1653 Cuius
247 1610 404 1653 fabulae
432 1623 473 1652 v.
500 1611 711 1652 620—22.
730 1612 955 1653 etiamnunc
985 1616 1121 1661 teneo,
1151 1611 1256 1663 quod
1281 1612 1318 1651 in
1345 1612 1552 1664 Philologo
1583 1612 1760 1653 conieci:
1791 1609 1854 1664 μι)
1884 1610 2037 1664 σφαλῶ
2067 1610 2101 1663 y’
2130 1611 2176 1650 ἓν
2208 1614 2280 1651 σοί

100 1697 209 1724 ποτε
239 1683 308 1731 (ef.
340 1683 487 1725 Electr.
516 1684 639 1734 690.,
682 1684 797 1725 Aiac.
830 1683 978 1734 1141.,
1020 1682 1122 1725 Oed.
1150 1683 1195 1724 R.
1227 1683 1337 1734 119„
1367 1683 1505 1725 Trach.
1531 1682 1665 1737 1519,
1696 1687 1737 1725 et
1759 1683 1870 1725 Aiao.
1900 1681 2020 1724 1137.
2054 1684 2276 1737 comparari

100 1766 224 1810 posse
254 1768 380 1810 nego.
408 1779 462 1786 -—

213 1829 321 1872 iliad.
357 1828 430 1880 16,
470 1842 589 1870 versu
619 1829 714 1872 121.
747 1831 889 1871 verba:
940 1827 1130 1883 Τρώεσσι
1168 1829 1218 1870 δὲ
1246 1828 1428 1882 βούλετο
1457 1834 1577 1884 νίκην
1617 1830 1718 1871 dicta
1759 1835 1851 1871 sunt
1891 1829 1938 1870 ad
1983 1829 2276 1871 similitudinem

99 1901 333 1945 locutionis:
373 1900 431 1949 εἰς
468 1901 701 1955 βαλανεῖον
738 1888 954 1955 βούλομαι
964 1918 981 1952 ,·
1009 1902 1076 1954 iis,
1118 1915 1223 1955 quae
1254 1902 1312 1944 Fa
1327 1904 1471 1944 esius
1503 1902 1619 1944 affert
1647 1903 1699 1944 ad
1727 1903 1768 1945 11.
1801 1902 1941 1953 5,252.
1970 1902 2072 1943 adde
2100 1902 2142 1953 8,
2175 1902 2275 1944 ¹57:

99 1970 255 2028 φύγαδ’
280 1974 443 2029 ἔτραπε
471 1972 676 2029 μώνυχας
704 1972 891 2028 ἵππους,
924 1979 966 2018 et
997 1975 1070 2028 11,
1102 1975 1191 2022 21.:
1233 1972 1430 2019 πεύθετο
1459 1972 1537 2030 γάρ
1577 1972 1811 2030 Κόπρονδε
1848 1980 1959 2028 μέγα
1997 1974 2141 2025 κλέος,
2184 1974 2275 2017 ibid.

97 2047 217 2088 446.:
247 2045 403 2100 φύγαδ’
431 2040 556 2095 αὖτις
584 2047 870 2103 ὑποστρέψας
899 2046 1131 2105 ἐβεβήκειν,
1166 2049 1231 2100 12,
1264 2048 1381 2091 124.ε
1411 2048 1465 2106 τῇ
1494 2046 1530 2105 ῥ’
1560 2046 1663 2098 ἰθύς
1693 2051 1889 2104 φρονέων
1920 2044 2086 2096 ἵππους
2116 2047 2197 2101 ἔχε.
2221 2071 2275 2079 -

99 2118 343 2161 Contrarium
372 2127 434 2163 est
463 2123 572 2162 Iliad.
603 2123 671 2171 13,
700 2122 815 2171 363„
848 2124 913 2172 15,
941 2123 1041 2162 438.
1072 2144 1124 2152 ·-

669 2220 840 2283 Iliad.
881 2221 1004 2283 Lib.
1045 2222 1194 2283 XVI.
1276 2238 1332 2282 v.
1376 2225 1707 2283 650—651.:

442 2316 588 2370 χαλκῷ
614 2317 776 2373 δῃώσῃ,
806 2316 904 2357 ‘ino'
931 2316 968 2357 ‘c'
996 2315 1125 2370 ὤμων
1152 2316 1296 2370 τεύχε’
1324 2317 1483 2371 ἕληται,

441 2381 472 2443 ἦ
500 2389 563 2430 ἔτι
592 2390 663 2431 καὶ
693 2389 954 2431 πλεόνεσσιν
983 2389 1207 2445 ὀφέλλειεν
1236 2389 1383 2431 πόνον
1410 2387 1586 2440 αἰπύν.)

207 2460 397 2515 Repone:
438 2460 604 2517 δῃώσαι
635 2468 676 2505 et
704 2463 844 2504 ἕλοιτο
854 2478 871 2514 ,·
916 2464 995 2505 vid.
1026 2464 1133 2507 uiad.
1163 2465 1203 2516 5,
1233 2462 1417 2506 671—3.
1448 2467 1490 2505 et
1518 2462 1586 2515 13,
1612 2462 1712 2507 486.
1723 2493 1737 2515 ,
1766 2462 1872 2505 Iliad.
1914 2462 2080 2515 18,308.
2121 2461 2274 2506 Bekk.

94 2538 135 2573 et
163 2543 269 2587 quae
299 2534 349 2574 ad
373 2534 516 2588 Odyss.
535 2540 576 2586 4,
604 2536 701 2579 546.
730 2538 934 2579 annotavi.
963 2560 1017 2567 -
1046 2535 1286 2592 Ὀφέλλειεν
1316 2548 1479 2592 quoque
1508 2537 1598 2579 sine
1628 2536 1748 2579 dubio
1776 2536 1874 2579 nihil
1903 2540 1969 2579 est
1996 2540 2037 2578 et
2060 2533 2274 2591 ὄφείλειεν

93 2607 362 2651 scribendum.
394 2630 449 2638 —-
480 2608 526 2651 V.
558 2608 657 2651 754.
712 2611 993 2654 Eduardua
1033 2611 1317 2654 Goebelius
1356 2611 1398 2652 in
1435 2610 1533 2653 Jul.
1562 2610 1797 2655 Miitzell.
1838 2609 2103 2653 Commentar.
2136 2609 2273 2662 1860„

93 2679 207 2722 Mart.
237 2694 328 2737 pag.
358 2680 457 2725 271.
487 2687 604 2724 recte
633 2685 833 2737 reposuit:
861 2682 1058 2739 μεμαώς,
1088 2683 1368 2740 Πατρόκλεις,
1398 2676 1521 2726 ἆλσο.
1552 2704 1603 2716 -
