2360 3024
999 185 1360 243 -οοο39ιοω-

100 322 302 366 Goetlm
330 322 404 366 Ad
432 323 561 367 Lun.:
592 323 802 375 Fliesse,
832 323 1032 377 fliesse,
1061 325 1240 368 lieber
1269 324 1426 383 lg'luss.
1460 344 1538 375 --‚
1573 323 1811 365 Lamart:
1850 321 1999 365 Dieu:
2028 323 2272 369 Laiuant

99 410 241 440 errer
270 410 364 440 mes
394 410 513 441 sens
544 398 671 441 dans
700 410 752 440 ce
782 398 966 441 monde
996 399 1083 443 des
1113 411 1278 456 corps,
1319 399 1395 441 Au
1426 396 1602 440 monde
1640 397 1733 441 des
1768 397 1966 453 esprits
1996 398 2050 453 je
2099 403 2272 441 monte

101 484 220 514 saus
263 472 479 521 efforts;
523 475 563 513 in
594 472 743 513 deliciis
783 477 845 515 est
873 471 961 514 sere
990 474 1170 515 omnibus
1203 474 1336 528 poetis
1371 473 1472 514 haec
1507 470 1669 526 figura).
1713 494 1765 502 —
1820 472 2025 514 Ambobus
2068 473 2272 531 vocabulis

102 558 198 588 usus
229 551 305 596 est,
337 551 378 588 et
406 547 521 588 simili
550 546 708 601 quidem
737 548 776 588 vi
804 547 1005 601 praeditis,
1035 548 1196 590 Lucret.
1224 548 1369 599 3‚143:

302 624 308 628 ’
440 619 631 664 Cetera
660 633 782 676 pars
810 623 1003 664 animae
1031 635 1123 677 per
1150 626 1311 665 totum
1342 620 1539 664 dissita
1569 632 1766 676 corpus

434 695 591 737 Paret
620 699 671 736 et
700 695 758 737 ad
787 707 964 738 numen
994 696 1178 738 mentis
1207 704 1439 749 momenque
1466 695 1657 738 movetur.
1686 717 1741 725 -

222 767 384 822 Species
413 768 529 811 buius
557 769 778 810 numinis
808 770 872 812 vel
899 771 1133 811 mominis
1163 770 1282 811 divini
1311 768 1482 824 (OdysS.
1510 768 1670 823 2341.)
1699 773 1792 811 sunt
1820 781 1893 810 eae
1921 770 2144 812 animorum
2158 780 2272 811 com-

102 842 351 893 mutationes,
382 843 671 894 inclinationes,
699 844 967 898 impulsiones,
997 845 1084 885 sive
1120 842 1267 897 πάθη,
1297 854 1401 897 quae
1431 842 1535 897 apud
1564 843 1768 885 Horatium
1803 856 1842 884 v.
1871 843 1997 884 2-4.
2025 855 2271 886 commemo·-

105 921 252 959 rantur.
311 916 371 962 Cf.
401 917 583 959 Goeth.
614 915 717 966 (Vol.
749 918 790 960 5.
818 932 856 973 p.
887 918 954 961 16.
984 917 1050 960 ed.
1078 917 1192 961 form.
1222 921 1355 961 octon.
1387 916 1554 967 1828.):
1584 916 1788 960 creatio
1818 921 1869 959 et
1896 916 2159 962 Animatio:

371 992 508 1034 Doch
538 993 621 1035 mit
650 992 839 1034 Gebein
867 994 963 1035 und
993 992 1132 1037 Glied
1163 992 1264 1039 und,
1285 992 1421 1046 Kopf

374 1065 516 1107 Blieb
545 1079 597 1108 er
626 1068 702 1107 ein
729 1066 917 1108 halber
944 1066 1211 1121 Klumpen,

372 1139 450 1181 Bis
481 1139 678 1183 endlich
706 1140 845 1183 Noab
880 1140 955 1183 fiir
984 1140 1081 1183 den
1112 1140 1268 1195 Tropf

373 1213 469 1256 Das
498 1214 678 1256 Wahre
705 1214 838 1266 fand,
868 1214 964 1256 den
992 1214 1225 1268 Humpen.

372 1339 475 1383 Der
502 1338 710 1394 Klumpe
739 1338 868 1381 fiihlt
896 1337 1122 1393 sogleich
1151 1336 1242 1381 den
1271 1336 1522 1391 Scimus,

372 1414 562 1456 Sobald
592 1425 648 1455 er
674 1413 780 1456 sich
809 1413 1070 1464 henetzet,

373 1488 434 1531 So
462 1489 554 1531 wie
585 1488 671 1530 der
700 1487 820 1543 Teig
849 1486 1004 1529 durch
1033 1487 1288 1541 Sauerung

375 1562 487 1604 Sich
515 1563 567 1604 in
594 1563 864 1615 Bcwegung
892 1566 1078 1606 setzet.
1106 1576 1184 1612 ——3

107 1641 146 1676 et
175 1635 336 1679 alterius
365 1637 589 1691 scripturae
617 1648 758 1679 caussa
790 1635 904 1679 ovid.
924 1636 991 1679 Tr.
1013 1635 1187 1689 5,3‚45.:

376 1711 501 1754 Sunt
532 1710 607 1754 dis
634 1711 763 1753 inter
791 1723 843 1752 se
875 1712 1182 1753 commercia:
1222 1709 1449 1753 flectere
1478 1714 1617 1753 tenta

529 1785 819 1827 Caesareum
849 1796 1031 1826 numen
1060 1785 1275 1835 numine,
1303 1783 1510 1835 Bacche,
1539 1788 1637 1826 tue.
1667 1807 1723 1815 —

106 1840 201 1884 Meu
229 1840 414 1891 14,588‚:

374 1897 672 1951 Aeneaeque
701 1908 824 1949 meo,
854 1898 932 1952 qui
960 1901 1009 1938 te
1039 1896 1097 1938 de
1125 1897 1360 1951 sanguine
1390 1900 1559 1938 nostro

374 1971 510 2012 Fecit
540 1984 697 2021 avum,
732 1972 945 2025 quamvis
975 1982 1195 2024 parvum,
1225 1969 1329 2021 des,
1355 1972 1554 2023 optime,
1583 1984 1771 2014 numen.
1802 1996 1855 2004 —

106 2045 219 2087 Adde
248 2046 407 2088 Lucret.
436 2044 594 2097 3,188.:

376 2119 544 2163 momine
573 2118 645 2161 uti
674 2130 827 2173 parvo
857 2119 1057 2173 possint
1081 2118 1300 2172 impulsa
1328 2119 1489 2162 moveri.

374 2193 593 2246 Namque
623 2194 801 2237 novetur
829 2206 955 2248 aqua
984 2197 1030 2234 et
1059 2192 1258 2234 tantillo
1287 2192 1456 2236 momine
1483 2192 1661 2237 flutat.
1695 2209 1775 2246 ——3

106 2265 258 2318 2,632.‚
287 2267 355 2308 ubi
383 2266 476 2308 Lac
488 2266 699 2309 hmanno
727 2267 969 2321 typographi
998 2278 1079 2309 non
1109 2270 1343 2320 parueruut3
1371 2265 1530 2318 6,4⁷4.:

374 2340 525 2384 Posse
555 2352 759 2396 quoque
789 2353 813 2382 e
844 2341 983 2383 salso
1013 2352 1333 2396 consurgere
1362 2343 1572 2385 momine
1600 2341 1752 2398 ponti.
1783 2342 1851 2397 -ζ

217 2416 307 2456 Non
335 2415 559 2470 repudiavit
571 2415 719 2457 Manilii
748 2415 915 2470 elegans
941 2414 1110 2458 latinitas
1138 2415 1237 2457 hanc
1267 2426 1429 2472 vocem,
1458 2416 1590 2468 1,34.;
1618 2414 1864 2470 3,67·1—9.;
1894 2420 1963 2475 qui
1991 2419 2162 2474 optimae
2191 2431 2266 2462 aa·

104 2490 196 2530 tatis
227 2489 301 2532 ruit
330 2493 464 2543 poeta.
495 2488 638 2543 (Cuius
666 2489 754 2531 libr.
775 2487 881 2540 1,10.
910 2489 1062 2546 scribe:
1090 2489 1227 2531 Faios
1256 2493 1302 2531 et
1331 2489 1477 2532 vires.
1506 2489 1584 2546 —)
1611 2490 1710 2546 Pag.
1737 2489 1807 2533 27.
1835 2491 1931 2535 Jos.
1961 2492 2136 2549 Scalig.
2165 2494 2266 2535 baec

106 2564 326 2607 annotavit:
377 2562 656 2614 „Creber-rime
692 2564 771 2605 hoc
809 2563 937 2605 verbo
978 2564 1111 2607 utitur.
1188 2561 1268 2605 Sed
1296 2576 1489 2620 nusquam
1516 2566 1704 2619 reperies
1730 2566 1806 2609 nisi
1835 2566 2107 2623 depravatum.
2139 2589 2196 2600 ·—
2224 2568 2267 2609 ln

98 2637 192 2677 aliis
222 2648 384 2689 quoque
414 2638 645 2679 auctoribus
674 2638 827 2691 pariter
856 2636 1111 2691 depravatum
1140 2638 1361 2691 reperies“.
1390 2661 1445 2668 —-

217 2709 409 2751 Dubitare
437 2710 546 2762 licet,
574 2722 625 2751 an
652 2710 844 2751 lectum
871 2711 923 2753 sit
948 2712 1208 2760 servandum
1235 2713 1310 2754 sed
1338 2713 1496 2754 fetum
1524 2715 1655 2768 magis
1685 2726 1781 2757 esse
1795 2716 1955 2769 poetice
1970 2716 2270 2768 dictamnum-

105 2783 253 2825 festum
283 2787 365 2833 est;
396 2783 448 2825 cf.
476 2783 652 2840 exempli
680 2784 807 2839 gratia
835 2783 908 2828 Sil.
935 2783 1022 2829 Ital.
1052 2784 1207 2837 10‚14.=

373 2857 535 2902 Fetus
564 2858 787 2902 Gradivo
815 2863 1040 2904 mentem
1067 2864 1118 2903 et
1146 2860 1254 2903 cito
1282 2859 1456 2905 fertur
1483 2863 1537 2905 in
1565 2862 1795 2916 hostem,
1825 2887 1878 2897 -
1908 2878 1924 2917 ς
