<?xml version="1.0" encoding="UTF-8"?>
<!DOCTYPE html PUBLIC "-//W3C//DTD XHTML 1.0 Transitional//EN"
    "http://www.w3.org/TR/xhtml1/DTD/xhtml1-transitional.dtd">
<html xmlns="http://www.w3.org/1999/xhtml" xml:lang="en" lang="en">
 <head>
  <title>
</title>
<meta http-equiv="Content-Type" content="text/html;charset=utf-8" />
  <meta name='ocr-system' content='tesseract 3.04.00' />
  <meta name='ocr-capabilities' content='ocr_page ocr_carea ocr_par ocr_line ocrx_word'/>
</head>
<body>
  <div class='ocr_page' id='page_1' title='image "4770992_0058.png"; bbox 0 0 2360 3024; ppageno 0'>
   <div class='ocr_carea' id='block_1_1' title="bbox 1010 183 1369 239">
    <p class='ocr_par' dir='ltr' id='par_1_1' title="bbox 1010 183 1369 239">
     <span class='ocr_line' id='line_1_1' title="bbox 1010 183 1369 239; baseline 0.003 -7"><span class='ocrx_word' id='word_1_1' title='bbox 1010 205 1125 235; x_wconf 68' lang='lat'><strong>-000</strong></span> <span class='ocrx_word' id='word_1_2' title='bbox 1157 183 1220 239; x_wconf 76' lang='grc'><strong>28</strong></span> <span class='ocrx_word' id='word_1_3' title='bbox 1251 204 1369 235; x_wconf 65' lang='grc' dir='ltr'><strong>κο·-</strong></span> 
     </span>
    </p>
   </div>
   <div class='ocr_carea' id='block_1_2' title="bbox 2071 275 2134 325">
    <p class='ocr_par' dir='ltr' id='par_1_2' title="bbox 2071 275 2134 325">
     <span class='ocr_line' id='line_1_2' title="bbox 2071 275 2134 325; baseline 0 0"><span class='ocrx_word' id='word_1_4' title='bbox 2071 275 2134 325; x_wconf 57' lang='lat'><strong>9⁹⁶</strong></span> 
     </span>
    </p>
   </div>
   <div class='ocr_carea' id='block_1_3' title="bbox 111 300 2260 446">
    <p class='ocr_par' dir='ltr' id='par_1_3' title="bbox 111 300 2260 446">
     <span class='ocr_line' id='line_1_3' title="bbox 113 300 2260 376; baseline 0.001 -14"><span class='ocrx_word' id='word_1_5' title='bbox 113 321 340 376; x_wconf 72' lang='grc' dir='ltr'><strong><em>(ἀρεστῶς,</em></strong></span> <span class='ocrx_word' id='word_1_6' title='bbox 371 326 411 361; x_wconf 89' lang='lat' dir='ltr'><strong>ut</strong></span> <span class='ocrx_word' id='word_1_7' title='bbox 440 300 572 372; x_wconf 85' lang='lat' dir='ltr'><strong>video,</strong></span> <span class='ocrx_word' id='word_1_8' title='bbox 600 320 854 374; x_wconf 80' lang='lat' dir='ltr'><strong>Ameisi.o);</strong></span> <span class='ocrx_word' id='word_1_9' title='bbox 883 334 965 363; x_wconf 83' lang='lat' dir='ltr'><strong>vox</strong></span> <span class='ocrx_word' id='word_1_10' title='bbox 994 320 1182 376; x_wconf 87' lang='grc' dir='ltr'><strong><em>πρωρήσ.</em></strong></span> <span class='ocrx_word' id='word_1_11' title='bbox 1206 323 1313 364; x_wconf 78' lang='lat' dir='ltr'><strong>forte</strong></span> <span class='ocrx_word' id='word_1_12' title='bbox 1331 323 1489 364; x_wconf 79' lang='lat' dir='ltr'><strong>fortuna</strong></span> <span class='ocrx_word' id='word_1_13' title='bbox 1508 334 1532 362; x_wconf 85' lang='lat' dir='ltr'><strong>e</strong></span> <span class='ocrx_word' id='word_1_14' title='bbox 1554 322 1763 376; x_wconf 74' lang='lat' dir='ltr'><strong>naufragio</strong></span> <span class='ocrx_word' id='word_1_15' title='bbox 1781 322 1998 364; x_wconf 85' lang='lat' dir='ltr'><strong>litterarum</strong></span> <span class='ocrx_word' id='word_1_16' title='bbox 2015 321 2260 365; x_wconf 70' lang='lat' dir='ltr'><strong>Graecorum</strong></span> 
     </span>
     <span class='ocr_line' id='line_1_4' title="bbox 111 392 1330 446; baseline 0.001 -9"><span class='ocrx_word' id='word_1_17' title='bbox 111 398 270 437; x_wconf 83' lang='lat' dir='ltr'><strong>servata</strong></span> <span class='ocrx_word' id='word_1_18' title='bbox 301 398 374 439; x_wconf 84' lang='lat' dir='ltr'><strong>est.</strong></span> <span class='ocrx_word' id='word_1_19' title='bbox 433 392 490 436; x_wconf 82' lang='lat' dir='ltr'><strong>Cf.</strong></span> <span class='ocrx_word' id='word_1_20' title='bbox 521 406 626 446; x_wconf 77' lang='lat' dir='ltr'><strong>quae</strong></span> <span class='ocrx_word' id='word_1_21' title='bbox 654 393 707 437; x_wconf 85' lang='lat' dir='ltr'><strong>ad</strong></span> <span class='ocrx_word' id='word_1_22' title='bbox 738 392 902 446; x_wconf 85' lang='lat'><strong>19‚312.</strong></span> <span class='ocrx_word' id='word_1_23' title='bbox 933 399 1114 437; x_wconf 84' lang='lat' dir='ltr'><strong>annotata</strong></span> <span class='ocrx_word' id='word_1_24' title='bbox 1144 399 1246 439; x_wconf 90' lang='lat' dir='ltr'><strong>sunt.</strong></span> <span class='ocrx_word' id='word_1_25' title='bbox 1276 419 1330 427; x_wconf 89' lang='lat'>—</span> 
     </span>
    </p>
   </div>
   <div class='ocr_carea' id='block_1_4' title="bbox 759 482 1610 562">
    <p class='ocr_par' dir='ltr' id='par_1_4' title="bbox 759 482 1610 562">
     <span class='ocr_line' id='line_1_5' title="bbox 759 482 1610 562; baseline 0.001 -16"><span class='ocrx_word' id='word_1_26' title='bbox 759 482 961 562; x_wconf 77' lang='lat' dir='ltr'><strong>Odyss.</strong></span> <span class='ocrx_word' id='word_1_27' title='bbox 1002 483 1121 546; x_wconf 90' lang='lat' dir='ltr'><strong>Lib.</strong></span> <span class='ocrx_word' id='word_1_28' title='bbox 1162 483 1289 547; x_wconf 80' lang='lat' dir='ltr'><strong>XII.</strong></span> <span class='ocrx_word' id='word_1_29' title='bbox 1367 500 1422 546; x_wconf 86' lang='lat' dir='ltr'><strong>v.</strong></span> <span class='ocrx_word' id='word_1_30' title='bbox 1465 488 1610 547; x_wconf 85' lang='lat'><strong>305.:</strong></span> 
     </span>
    </p>
   </div>
   <div class='ocr_carea' id='block_1_5' title="bbox 106 597 2259 880">
    <p class='ocr_par' dir='ltr' id='par_1_5' title="bbox 106 597 2259 880">
     <span class='ocr_line' id='line_1_6' title="bbox 445 597 1474 656; baseline -0.001 -15"><span class='ocrx_word' id='word_1_31' title='bbox 445 598 664 655; x_wconf 82' lang='grc' dir='ltr'><strong><em>στήσαμεν</em></strong></span> <span class='ocrx_word' id='word_1_32' title='bbox 693 599 741 641; x_wconf 83' lang='grc' dir='ltr'><strong>ἐν</strong></span> <span class='ocrx_word' id='word_1_33' title='bbox 768 598 909 652; x_wconf 80' lang='grc' dir='ltr'><strong><em>λιμένι</em></strong></span> <span class='ocrx_word' id='word_1_34' title='bbox 937 598 1139 654; x_wconf 78' lang='grc' dir='ltr'><strong><em>γλαφυρῷ</em></strong></span> <span class='ocrx_word' id='word_1_35' title='bbox 1168 597 1341 655; x_wconf 75' lang='grc' dir='ltr'><strong><em>εὐεργέα</em></strong></span> <span class='ocrx_word' id='word_1_36' title='bbox 1368 599 1474 656; x_wconf 86' lang='grc' dir='ltr'><strong><em>νῆα)</em></strong></span> 
     </span>
     <span class='ocr_line' id='line_1_7' title="bbox 222 673 2259 731; baseline 0 -15"><span class='ocrx_word' id='word_1_37' title='bbox 222 675 297 716; x_wconf 85' lang='lat' dir='ltr'><strong>Vix</strong></span> <span class='ocrx_word' id='word_1_38' title='bbox 335 675 495 717; x_wconf 83' lang='lat' dir='ltr'><strong>videtur</strong></span> <span class='ocrx_word' id='word_1_39' title='bbox 534 687 625 717; x_wconf 93' lang='lat' dir='ltr'><strong>esse</strong></span> <span class='ocrx_word' id='word_1_40' title='bbox 665 678 994 726; x_wconf 80' lang='lat' dir='ltr'><strong>consentaneum,</strong></span> <span class='ocrx_word' id='word_1_41' title='bbox 1031 676 1070 716; x_wconf 92' lang='lat' dir='ltr'><strong>in</strong></span> <span class='ocrx_word' id='word_1_42' title='bbox 1106 680 1222 728; x_wconf 90' lang='lat' dir='ltr'><strong>portu</strong></span> <span class='ocrx_word' id='word_1_43' title='bbox 1261 679 1452 717; x_wconf 81' lang='lat' dir='ltr'><strong>excavato</strong></span> <span class='ocrx_word' id='word_1_44' title='bbox 1491 675 1608 717; x_wconf 85' lang='lat' dir='ltr'><strong>etiam</strong></span> <span class='ocrx_word' id='word_1_45' title='bbox 1648 673 1791 717; x_wconf 81' lang='grc' dir='ltr'><strong><em>κοῖλον</em></strong></span> <span class='ocrx_word' id='word_1_46' title='bbox 1827 680 1960 725; x_wconf 83' lang='grc' dir='ltr'><em>σπέος</em></span> <span class='ocrx_word' id='word_1_47' title='bbox 1988 677 2070 731; x_wconf 86' lang='lat' dir='ltr'><strong>peti</strong></span> <span class='ocrx_word' id='word_1_48' title='bbox 2106 674 2259 731; x_wconf 63' lang='lat'><strong>(312),</strong></span> 
     </span>
     <span class='ocr_line' id='line_1_8' title="bbox 106 746 2257 804; baseline 0 -12"><span class='ocrx_word' id='word_1_49' title='bbox 106 750 341 804; x_wconf 83' lang='lat' dir='ltr'><strong>praesertim</strong></span> <span class='ocrx_word' id='word_1_50' title='bbox 362 761 478 803; x_wconf 90' lang='lat' dir='ltr'><strong>quum</strong></span> <span class='ocrx_word' id='word_1_51' title='bbox 501 753 541 791; x_wconf 90' lang='lat' dir='ltr'><strong>et</strong></span> <span class='ocrx_word' id='word_1_52' title='bbox 565 746 703 797; x_wconf 82' lang='grc' dir='ltr'><strong><em>κοῖλος</em></strong></span> <span class='ocrx_word' id='word_1_53' title='bbox 725 747 774 790; x_wconf 91' lang='lat' dir='ltr'><strong>de</strong></span> <span class='ocrx_word' id='word_1_54' title='bbox 798 752 915 803; x_wconf 88' lang='lat' dir='ltr'><strong>portu</strong></span> <span class='ocrx_word' id='word_1_55' title='bbox 937 752 1105 803; x_wconf 87' lang='lat' dir='ltr'><strong>ponatur</strong></span> <span class='ocrx_word' id='word_1_56' title='bbox 1128 761 1174 791; x_wconf 86' lang='lat' dir='ltr'><strong>ac</strong></span> <span class='ocrx_word' id='word_1_57' title='bbox 1199 753 1331 797; x_wconf 78' lang='grc' dir='ltr'><strong><em>σπέος</em></strong></span> <span class='ocrx_word' id='word_1_58' title='bbox 1352 760 1513 804; x_wconf 85' lang='lat' dir='ltr'><strong>quoque</strong></span> <span class='ocrx_word' id='word_1_59' title='bbox 1533 761 1737 793; x_wconf 87' lang='lat' dir='ltr'><strong>recessum</strong></span> <span class='ocrx_word' id='word_1_60' title='bbox 1752 761 1905 799; x_wconf 82' lang='lat' dir='ltr'><strong>cavum,</strong></span> <span class='ocrx_word' id='word_1_61' title='bbox 1934 754 2050 804; x_wconf 89' lang='lat' dir='ltr'><strong>portu</strong></span> <span class='ocrx_word' id='word_1_62' title='bbox 2081 750 2257 803; x_wconf 79' lang='lat' dir='ltr'><strong>similem,</strong></span> 
     </span>
     <span class='ocr_line' id='line_1_9' title="bbox 106 819 1863 880; baseline -0.001 -15"><span class='ocrx_word' id='word_1_63' title='bbox 106 823 313 878; x_wconf 83' lang='lat' dir='ltr'><strong>significet.</strong></span> <span class='ocrx_word' id='word_1_64' title='bbox 369 823 506 878; x_wconf 87' lang='lat' dir='ltr'><strong>ltaque</strong></span> <span class='ocrx_word' id='word_1_65' title='bbox 535 834 699 874; x_wconf 84' lang='lat' dir='ltr'><strong>vereor,</strong></span> <span class='ocrx_word' id='word_1_66' title='bbox 727 834 779 863; x_wconf 88' lang='lat' dir='ltr'><strong>ne</strong></span> <span class='ocrx_word' id='word_1_67' title='bbox 809 822 1007 864; x_wconf 86' lang='lat' dir='ltr'>Homerus</span> <span class='ocrx_word' id='word_1_68' title='bbox 1038 822 1202 864; x_wconf 84' lang='lat' dir='ltr'>dixerit:</span> <span class='ocrx_word' id='word_1_69' title='bbox 1231 820 1449 879; x_wconf 76' lang='grc' dir='ltr'><strong><em>γλαφυρήν</em></strong></span> <span class='ocrx_word' id='word_1_70' title='bbox 1479 819 1653 878; x_wconf 71' lang='grc' dir='ltr'><strong><em>εὐεργέα</em></strong></span> <span class='ocrx_word' id='word_1_71' title='bbox 1681 824 1777 880; x_wconf 84' lang='grc' dir='ltr'><strong><em>νῆα.</em></strong></span> <span class='ocrx_word' id='word_1_72' title='bbox 1810 847 1863 854; x_wconf 92' lang='grc'><strong>--</strong></span> 
     </span>
    </p>
   </div>
   <div class='ocr_carea' id='block_1_6' title="bbox 672 914 1713 996">
    <p class='ocr_par' dir='ltr' id='par_1_6' title="bbox 672 914 1713 996">
     <span class='ocr_line' id='line_1_10' title="bbox 672 914 1713 996; baseline 0.001 -16"><span class='ocrx_word' id='word_1_73' title='bbox 672 914 874 996; x_wconf 79' lang='lat' dir='ltr'><strong>Odyss,</strong></span> <span class='ocrx_word' id='word_1_74' title='bbox 913 915 1036 979; x_wconf 90' lang='lat' dir='ltr'><strong>Lib.</strong></span> <span class='ocrx_word' id='word_1_75' title='bbox 1076 916 1200 979; x_wconf 86' lang='lat' dir='ltr'>XII.</span> <span class='ocrx_word' id='word_1_76' title='bbox 1277 934 1332 979; x_wconf 87' lang='lat' dir='ltr'><strong>v.</strong></span> <span class='ocrx_word' id='word_1_77' title='bbox 1374 919 1713 981; x_wconf 78' lang='lat'>389—390.:</span> 
     </span>
    </p>
   </div>
   <div class='ocr_carea' id='block_1_7' title="bbox 97 1026 2255 1676">
    <p class='ocr_par' dir='ltr' id='par_1_7' title="bbox 447 1026 1551 1163">
     <span class='ocr_line' id='line_1_11' title="bbox 506 1026 1551 1088; baseline 0 -15"><span class='ocrx_word' id='word_1_78' title='bbox 506 1031 648 1074; x_wconf 80' lang='grc' dir='ltr'><strong><em>ταῦτα</em></strong></span> <span class='ocrx_word' id='word_1_79' title='bbox 676 1029 716 1072; x_wconf 79' lang='grc' dir='ltr'><strong>δ’</strong></span> <span class='ocrx_word' id='word_1_80' title='bbox 743 1029 850 1084; x_wconf 71' lang='grc' dir='ltr'><strong><em>ἐγών</em></strong></span> <span class='ocrx_word' id='word_1_81' title='bbox 878 1026 1041 1087; x_wconf 80' lang='grc' dir='ltr'><strong><em>ἤκουσα</em></strong></span> <span class='ocrx_word' id='word_1_82' title='bbox 1069 1029 1305 1084; x_wconf 78' lang='grc' dir='ltr'><strong><em>Καλυψοῦς</em></strong></span> <span class='ocrx_word' id='word_1_83' title='bbox 1332 1028 1551 1088; x_wconf 83' lang='grc' dir='ltr'><strong><em>ἠυκόμοιο·</em></strong></span> 
     </span>
     <span class='ocr_line' id='line_1_12' title="bbox 447 1101 1518 1163; baseline -0.003 -15"><span class='ocrx_word' id='word_1_84' title='bbox 447 1103 475 1163; x_wconf 83' lang='grc' dir='ltr'><em>ἢ</em></span> <span class='ocrx_word' id='word_1_85' title='bbox 504 1103 543 1148; x_wconf 80' lang='grc' dir='ltr'><strong>δ’</strong></span> <span class='ocrx_word' id='word_1_86' title='bbox 571 1105 654 1161; x_wconf 80' lang='grc' dir='ltr'><strong>ἔφη</strong></span> <span class='ocrx_word' id='word_1_87' title='bbox 680 1102 873 1159; x_wconf 85' lang='grc' dir='ltr'><strong><em>Ἑρμείαο</em></strong></span> <span class='ocrx_word' id='word_1_88' title='bbox 902 1102 1128 1159; x_wconf 81' lang='grc' dir='ltr'><strong><em>διακτόρου</em></strong></span> <span class='ocrx_word' id='word_1_89' title='bbox 1158 1101 1271 1161; x_wconf 74' lang='grc' dir='ltr'><strong><em>αὐτή</em></strong></span> <span class='ocrx_word' id='word_1_90' title='bbox 1299 1101 1518 1155; x_wconf 79' lang='grc' dir='ltr'><strong><em>α’κοῦσαι.)</em></strong></span> 
     </span>
    </p>

    <p class='ocr_par' dir='ltr' id='par_1_8' title="bbox 97 1178 2255 1676">
     <span class='ocr_line' id='line_1_13' title="bbox 213 1178 2255 1234; baseline 0.001 -13"><span class='ocrx_word' id='word_1_91' title='bbox 213 1180 299 1221; x_wconf 85' lang='lat' dir='ltr'><strong>Hos</strong></span> <span class='ocrx_word' id='word_1_92' title='bbox 327 1190 472 1221; x_wconf 86' lang='lat' dir='ltr'><strong>versus</strong></span> <span class='ocrx_word' id='word_1_93' title='bbox 500 1180 772 1232; x_wconf 80' lang='lat' dir='ltr'><strong>supposititios</strong></span> <span class='ocrx_word' id='word_1_94' title='bbox 800 1178 932 1221; x_wconf 88' lang='lat' dir='ltr'><strong>iudico</strong></span> <span class='ocrx_word' id='word_1_95' title='bbox 963 1183 1004 1221; x_wconf 90' lang='lat' dir='ltr'><strong>et</strong></span> <span class='ocrx_word' id='word_1_96' title='bbox 1030 1183 1192 1232; x_wconf 86' lang='lat' dir='ltr'><strong>praeter</strong></span> <span class='ocrx_word' id='word_1_97' title='bbox 1220 1179 1500 1221; x_wconf 84' lang='lat' dir='ltr'><strong>necessitatem</strong></span> <span class='ocrx_word' id='word_1_98' title='bbox 1529 1179 1742 1234; x_wconf 83' lang='lat' dir='ltr'><strong>inepteque</strong></span> <span class='ocrx_word' id='word_1_99' title='bbox 1772 1181 1957 1231; x_wconf 87' lang='lat' dir='ltr'><strong>insertos,</strong></span> <span class='ocrx_word' id='word_1_100' title='bbox 1988 1193 2107 1223; x_wconf 89' lang='lat' dir='ltr'><strong>versu</strong></span> <span class='ocrx_word' id='word_1_101' title='bbox 2124 1186 2255 1223; x_wconf 84' lang='lat' dir='ltr'><strong>autem</strong></span> 
     </span>
     <span class='ocr_line' id='line_1_14' title="bbox 100 1248 2253 1310; baseline -0 -14"><span class='ocrx_word' id='word_1_102' title='bbox 100 1252 221 1296; x_wconf 76' lang='lat'><strong>391.=</strong></span> <span class='ocrx_word' id='word_1_103' title='bbox 260 1265 334 1307; x_wconf 83' lang='lat' dir='ltr'><strong>pro</strong></span> <span class='ocrx_word' id='word_1_104' title='bbox 363 1252 518 1296; x_wconf 83' lang='lat' dir='ltr'><strong>verbis:</strong></span> <span class='ocrx_word' id='word_1_105' title='bbox 549 1249 688 1307; x_wconf 74' lang='grc' dir='ltr'><strong><em>αὕτοέρ</em></strong></span> <span class='ocrx_word' id='word_1_106' title='bbox 717 1252 820 1294; x_wconf 81' lang='grc' dir='ltr'><strong><em>ἐπεί</em></strong></span> <span class='ocrx_word' id='word_1_107' title='bbox 844 1249 881 1308; x_wconf 79' lang='grc' dir='ltr'><strong>ῥ’</strong></span> <span class='ocrx_word' id='word_1_108' title='bbox 909 1276 963 1283; x_wconf 82' lang='lat'><em>-</em></span> <span class='ocrx_word' id='word_1_109' title='bbox 991 1249 1242 1309; x_wconf 75' lang='grc' dir='ltr'><strong><em>κατήλυθον</em></strong></span> <span class='ocrx_word' id='word_1_110' title='bbox 1269 1250 1566 1306; x_wconf 87' lang='lat' dir='ltr'><strong>reponendum:</strong></span> <span class='ocrx_word' id='word_1_111' title='bbox 1597 1248 1652 1300; x_wconf 80' lang='grc' dir='ltr'><strong>ὥς</strong></span> <span class='ocrx_word' id='word_1_112' title='bbox 1681 1249 1795 1307; x_wconf 78' lang='grc' dir='ltr'><strong><em>φάτ’·</em></strong></span> <span class='ocrx_word' id='word_1_113' title='bbox 1825 1252 1922 1296; x_wconf 81' lang='grc' dir='ltr'><strong><em>ἐπεὶ</em></strong></span> <span class='ocrx_word' id='word_1_114' title='bbox 1951 1250 1990 1294; x_wconf 77' lang='grc' dir='ltr'><strong>δ’</strong></span> <span class='ocrx_word' id='word_1_115' title='bbox 2022 1278 2067 1283; x_wconf 82' lang='lat'><strong>-—</strong></span> <span class='ocrx_word' id='word_1_116' title='bbox 2100 1251 2253 1310; x_wconf 85' lang='grc' dir='ltr'><strong><em>κατήλ-</em></strong></span> 
     </span>
     <span class='ocr_line' id='line_1_15' title="bbox 99 1324 2253 1382; baseline -0 -14"><span class='ocrx_word' id='word_1_117' title='bbox 99 1328 253 1380; x_wconf 70' lang='grc' dir='ltr'><strong><em>θομεν.</em></strong></span> <span class='ocrx_word' id='word_1_118' title='bbox 276 1350 329 1357; x_wconf 92' lang='lat'><strong>-—</strong></span> <span class='ocrx_word' id='word_1_119' title='bbox 350 1326 508 1370; x_wconf 88' lang='lat' dir='ltr'><strong>Poetica</strong></span> <span class='ocrx_word' id='word_1_120' title='bbox 528 1327 675 1369; x_wconf 85' lang='lat' dir='ltr'><strong>veritas</strong></span> <span class='ocrx_word' id='word_1_121' title='bbox 694 1338 775 1369; x_wconf 91' lang='lat' dir='ltr'><strong>non</strong></span> <span class='ocrx_word' id='word_1_122' title='bbox 792 1325 944 1382; x_wconf 85' lang='lat' dir='ltr'><strong>indiget</strong></span> <span class='ocrx_word' id='word_1_123' title='bbox 965 1325 1024 1370; x_wconf 90' lang='lat' dir='ltr'><strong>his</strong></span> <span class='ocrx_word' id='word_1_124' title='bbox 1047 1326 1224 1369; x_wconf 85' lang='lat' dir='ltr'><strong>externis</strong></span> <span class='ocrx_word' id='word_1_125' title='bbox 1247 1329 1286 1368; x_wconf 89' lang='lat' dir='ltr'><strong>et</strong></span> <span class='ocrx_word' id='word_1_126' title='bbox 1307 1324 1529 1368; x_wconf 81' lang='lat' dir='ltr'><strong>adventitiis</strong></span> <span class='ocrx_word' id='word_1_127' title='bbox 1550 1325 1709 1367; x_wconf 86' lang='lat' dir='ltr'><strong>rationis</strong></span> <span class='ocrx_word' id='word_1_128' title='bbox 1733 1327 1907 1382; x_wconf 80' lang='lat' dir='ltr'><strong>vulgaris</strong></span> <span class='ocrx_word' id='word_1_129' title='bbox 1930 1331 1971 1369; x_wconf 90' lang='lat' dir='ltr'><strong>et</strong></span> <span class='ocrx_word' id='word_1_130' title='bbox 1981 1339 2124 1370; x_wconf 83' lang='lat' dir='ltr'><strong>sensus</strong></span> <span class='ocrx_word' id='word_1_131' title='bbox 2138 1338 2253 1368; x_wconf 89' lang='lat' dir='ltr'><strong>com-</strong></span> 
     </span>
     <span class='ocr_line' id='line_1_16' title="bbox 100 1400 2254 1454; baseline 0 -13"><span class='ocrx_word' id='word_1_132' title='bbox 100 1402 225 1448; x_wconf 86' lang='lat' dir='ltr'><strong>munis</strong></span> <span class='ocrx_word' id='word_1_133' title='bbox 255 1402 505 1444; x_wconf 81' lang='lat' dir='ltr'><strong>adiumentis.</strong></span> <span class='ocrx_word' id='word_1_134' title='bbox 563 1401 705 1452; x_wconf 84' lang='lat' dir='ltr'><strong>Miror,</strong></span> <span class='ocrx_word' id='word_1_135' title='bbox 736 1400 843 1454; x_wconf 91' lang='lat' dir='ltr'><strong>quod</strong></span> <span class='ocrx_word' id='word_1_136' title='bbox 873 1404 1012 1444; x_wconf 80' lang='lat' dir='ltr'><strong>auctor</strong></span> <span class='ocrx_word' id='word_1_137' title='bbox 1041 1401 1179 1441; x_wconf 90' lang='lat' dir='ltr'><strong>horum</strong></span> <span class='ocrx_word' id='word_1_138' title='bbox 1208 1411 1396 1441; x_wconf 85' lang='lat' dir='ltr'><strong>versuum</strong></span> <span class='ocrx_word' id='word_1_139' title='bbox 1426 1411 1500 1441; x_wconf 89' lang='lat' dir='ltr'><strong>nos</strong></span> <span class='ocrx_word' id='word_1_140' title='bbox 1528 1411 1610 1441; x_wconf 93' lang='lat' dir='ltr'><strong>non</strong></span> <span class='ocrx_word' id='word_1_141' title='bbox 1639 1401 1732 1441; x_wconf 85' lang='lat' dir='ltr'><strong>item</strong></span> <span class='ocrx_word' id='word_1_142' title='bbox 1764 1400 1861 1441; x_wconf 78' lang='lat' dir='ltr'><strong>fecit</strong></span> <span class='ocrx_word' id='word_1_143' title='bbox 1889 1402 2109 1451; x_wconf 85' lang='lat' dir='ltr'><strong>certiores,</strong></span> <span class='ocrx_word' id='word_1_144' title='bbox 2148 1401 2254 1442; x_wconf 85' lang='lat' dir='ltr'><strong>unde</strong></span> 
     </span>
     <span class='ocr_line' id='line_1_17' title="bbox 105 1473 2254 1529; baseline 0 -15"><span class='ocrx_word' id='word_1_145' title='bbox 105 1474 281 1529; x_wconf 81' lang='lat' dir='ltr'><strong>Ulysses,</strong></span> <span class='ocrx_word' id='word_1_146' title='bbox 312 1486 413 1527; x_wconf 88' lang='lat' dir='ltr'><strong>quae</strong></span> <span class='ocrx_word' id='word_1_147' title='bbox 443 1473 581 1524; x_wconf 87' lang='lat'><strong>9,105.</strong></span> <span class='ocrx_word' id='word_1_148' title='bbox 613 1486 700 1527; x_wconf 85' lang='lat' dir='ltr'><strong>sqq.</strong></span> <span class='ocrx_word' id='word_1_149' title='bbox 732 1474 782 1513; x_wconf 91' lang='lat' dir='ltr'><strong>de</strong></span> <span class='ocrx_word' id='word_1_150' title='bbox 799 1475 972 1515; x_wconf 90' lang='lat' dir='ltr'><strong>moribus</strong></span> <span class='ocrx_word' id='word_1_151' title='bbox 1001 1478 1042 1515; x_wconf 90' lang='lat' dir='ltr'><strong>et</strong></span> <span class='ocrx_word' id='word_1_152' title='bbox 1069 1474 1252 1515; x_wconf 85' lang='lat' dir='ltr'><strong>institutis</strong></span> <span class='ocrx_word' id='word_1_153' title='bbox 1269 1473 1483 1526; x_wconf 80' lang='lat' dir='ltr'><strong>Cyclopum</strong></span> <span class='ocrx_word' id='word_1_154' title='bbox 1510 1478 1725 1528; x_wconf 85' lang='lat' dir='ltr'><strong>terraeque</strong></span> <span class='ocrx_word' id='word_1_155' title='bbox 1742 1474 1968 1515; x_wconf 89' lang='lat' dir='ltr'><strong>conditione</strong></span> <span class='ocrx_word' id='word_1_156' title='bbox 1997 1479 2150 1523; x_wconf 85' lang='lat' dir='ltr'><strong>narrat,</strong></span> <span class='ocrx_word' id='word_1_157' title='bbox 2178 1486 2254 1527; x_wconf 89' lang='lat' dir='ltr'><strong>po-</strong></span> 
     </span>
     <span class='ocr_line' id='line_1_18' title="bbox 99 1547 2252 1602; baseline -0 -14"><span class='ocrx_word' id='word_1_158' title='bbox 99 1550 217 1590; x_wconf 86' lang='lat' dir='ltr'><strong>tuerit</strong></span> <span class='ocrx_word' id='word_1_159' title='bbox 245 1560 500 1602; x_wconf 87' lang='lat' dir='ltr'><strong>cognoscere</strong></span> <span class='ocrx_word' id='word_1_160' title='bbox 532 1552 572 1588; x_wconf 86' lang='lat' dir='ltr'><strong>et</strong></span> <span class='ocrx_word' id='word_1_161' title='bbox 599 1548 839 1601; x_wconf 87' lang='lat' dir='ltr'><strong>intelligere.</strong></span> <span class='ocrx_word' id='word_1_162' title='bbox 867 1569 921 1577; x_wconf 92' lang='lat'><strong>—-</strong></span> <span class='ocrx_word' id='word_1_163' title='bbox 952 1549 1055 1595; x_wconf 87' lang='lat' dir='ltr'><strong>Quot</strong></span> <span class='ocrx_word' id='word_1_164' title='bbox 1072 1548 1267 1589; x_wconf 88' lang='lat' dir='ltr'><strong>eiusmodi</strong></span> <span class='ocrx_word' id='word_1_165' title='bbox 1298 1547 1605 1601; x_wconf 83' lang='lat' dir='ltr'><strong>significationes</strong></span> <span class='ocrx_word' id='word_1_166' title='bbox 1636 1550 1709 1588; x_wconf 86' lang='lat' dir='ltr'><strong>hac</strong></span> <span class='ocrx_word' id='word_1_167' title='bbox 1738 1549 1893 1589; x_wconf 87' lang='lat' dir='ltr'><strong>ratione</strong></span> <span class='ocrx_word' id='word_1_168' title='bbox 1924 1553 2061 1590; x_wconf 91' lang='lat' dir='ltr'><strong>essent</strong></span> <span class='ocrx_word' id='word_1_169' title='bbox 2090 1547 2252 1602; x_wconf 82' lang='lat' dir='ltr'><strong>illigan-</strong></span> 
     </span>
     <span class='ocr_line' id='line_1_19' title="bbox 97 1619 2252 1676; baseline 0 -14"><span class='ocrx_word' id='word_1_170' title='bbox 97 1621 194 1664; x_wconf 76' lang='lat' dir='ltr'><strong>dael</strong></span> <span class='ocrx_word' id='word_1_171' title='bbox 226 1645 278 1652; x_wconf 94' lang='lat'>—</span> <span class='ocrx_word' id='word_1_172' title='bbox 297 1620 357 1665; x_wconf 82' lang='lat' dir='ltr'><strong>Cf.</strong></span> <span class='ocrx_word' id='word_1_173' title='bbox 374 1620 515 1676; x_wconf 79' lang='lat' dir='ltr'><strong>Odyss.</strong></span> <span class='ocrx_word' id='word_1_174' title='bbox 533 1619 765 1672; x_wconf 80' lang='lat'><strong>1,346-·1.,</strong></span> <span class='ocrx_word' id='word_1_175' title='bbox 793 1620 928 1664; x_wconf 85' lang='lat' dir='ltr'><strong>Horat.</strong></span> <span class='ocrx_word' id='word_1_176' title='bbox 941 1620 1062 1675; x_wconf 89' lang='lat' dir='ltr'><strong>Epist.</strong></span> <span class='ocrx_word' id='word_1_177' title='bbox 1075 1619 1326 1672; x_wconf 83' lang='lat'><strong>2,3,9-—10.‚</strong></span> <span class='ocrx_word' id='word_1_178' title='bbox 1357 1619 1599 1663; x_wconf 72' lang='lat' dir='ltr'><strong>schillem</strong></span> <span class='ocrx_word' id='word_1_179' title='bbox 1629 1620 1827 1663; x_wconf 89' lang='lat' dir='ltr'><strong>Weltalt.</strong></span> <span class='ocrx_word' id='word_1_180' title='bbox 1855 1621 2006 1675; x_wconf 70' lang='lat' dir='ltr'><strong>stroph.</strong></span> <span class='ocrx_word' id='word_1_181' title='bbox 2028 1619 2066 1662; x_wconf 89' lang='grc'><strong>3.</strong></span> <span class='ocrx_word' id='word_1_182' title='bbox 2085 1625 2125 1662; x_wconf 91' lang='lat' dir='ltr'><strong>et</strong></span> <span class='ocrx_word' id='word_1_183' title='bbox 2141 1621 2182 1674; x_wconf 78' lang='lat'><strong>4.</strong></span> <span class='ocrx_word' id='word_1_184' title='bbox 2197 1642 2252 1651; x_wconf 89' lang='lat'>—</span> 
     </span>
    </p>
   </div>
   <div class='ocr_carea' id='block_1_8' title="bbox 670 1701 1692 1782">
    <p class='ocr_par' dir='ltr' id='par_1_9' title="bbox 670 1701 1692 1782">
     <span class='ocr_line' id='line_1_20' title="bbox 670 1701 1692 1782; baseline 0 -15"><span class='ocrx_word' id='word_1_185' title='bbox 670 1701 871 1782; x_wconf 82' lang='lat' dir='ltr'><strong>odyss.</strong></span> <span class='ocrx_word' id='word_1_186' title='bbox 909 1702 1033 1767; x_wconf 80' lang='lat' dir='ltr'><strong>Lib.</strong></span> <span class='ocrx_word' id='word_1_187' title='bbox 1073 1702 1229 1766; x_wconf 80' lang='grc' dir='ltr'><strong>ΧΙΙΙ.</strong></span> <span class='ocrx_word' id='word_1_188' title='bbox 1309 1720 1364 1766; x_wconf 80' lang='lat' dir='ltr'><strong>v.</strong></span> <span class='ocrx_word' id='word_1_189' title='bbox 1405 1707 1692 1767; x_wconf 79' lang='lat'><strong>189—91.:</strong></span> 
     </span>
    </p>
   </div>
   <div class='ocr_carea' id='block_1_9' title="bbox 90 1815 2247 2465">
    <p class='ocr_par' dir='ltr' id='par_1_10' title="bbox 430 1815 1572 2022">
     <span class='ocr_line' id='line_1_21' title="bbox 431 1815 1476 1875; baseline 0 -15"><span class='ocrx_word' id='word_1_190' title='bbox 431 1815 513 1875; x_wconf 80' lang='grc' dir='ltr'><strong>ἤδη</strong></span> <span class='ocrx_word' id='word_1_191' title='bbox 542 1817 621 1874; x_wconf 68' lang='grc' dir='ltr'><strong>δήν</strong></span> <span class='ocrx_word' id='word_1_192' title='bbox 650 1817 815 1859; x_wconf 69' lang='grc' dir='ltr'><strong><em>ἀπεών·</em></strong></span> <span class='ocrx_word' id='word_1_193' title='bbox 845 1819 945 1874; x_wconf 79' lang='grc' dir='ltr'><strong><em>περὶ</em></strong></span> <span class='ocrx_word' id='word_1_194' title='bbox 974 1817 1053 1873; x_wconf 64' lang='grc' dir='ltr'><strong>γάρ</strong></span> <span class='ocrx_word' id='word_1_195' title='bbox 1081 1816 1186 1866; x_wconf 69' lang='grc' dir='ltr'><strong><em>θεός</em></strong></span> <span class='ocrx_word' id='word_1_196' title='bbox 1212 1816 1319 1875; x_wconf 79' lang='grc' dir='ltr'><strong><em>ἠέρα</em></strong></span> <span class='ocrx_word' id='word_1_197' title='bbox 1347 1816 1476 1872; x_wconf 74' lang='grc' dir='ltr'><strong><em>’χεῦεν</em></strong></span> 
     </span>
     <span class='ocr_line' id='line_1_22' title="bbox 431 1888 1572 1948; baseline 0.001 -15"><span class='ocrx_word' id='word_1_198' title='bbox 431 1890 608 1940; x_wconf 74' lang='grc' dir='ltr'><strong><em>Παλλοῖς</em></strong></span> <span class='ocrx_word' id='word_1_199' title='bbox 637 1890 848 1947; x_wconf 66' lang='grc' dir='ltr'><strong><em>Ἀθηναίη,</em></strong></span> <span class='ocrx_word' id='word_1_200' title='bbox 878 1890 1010 1948; x_wconf 86' lang='grc' dir='ltr'><strong><em>κου’ρη</em></strong></span> <span class='ocrx_word' id='word_1_201' title='bbox 1039 1891 1154 1943; x_wconf 88' lang='grc' dir='ltr'><strong><em>Διός,</em></strong></span> <span class='ocrx_word' id='word_1_202' title='bbox 1184 1888 1301 1946; x_wconf 77' lang='grc' dir='ltr'><strong><em>ὄφρα</em></strong></span> <span class='ocrx_word' id='word_1_203' title='bbox 1329 1906 1405 1945; x_wconf 89' lang='grc' dir='ltr'><strong>μιν</strong></span> <span class='ocrx_word' id='word_1_204' title='bbox 1434 1891 1572 1935; x_wconf 73' lang='grc' dir='ltr'><strong><em>αὐτόν</em></strong></span> 
     </span>
     <span class='ocr_line' id='line_1_23' title="bbox 430 1962 1451 2022; baseline -0.001 -14"><span class='ocrx_word' id='word_1_205' title='bbox 430 1962 647 2020; x_wconf 74' lang='grc' dir='ltr'><strong><em>ἄγνωστον</em></strong></span> <span class='ocrx_word' id='word_1_206' title='bbox 677 1965 871 2016; x_wconf 60' lang='grc' dir='ltr'><strong><em>τεύξειεν</em></strong></span> <span class='ocrx_word' id='word_1_207' title='bbox 901 1962 1061 2008; x_wconf 74' lang='grc' dir='ltr'><strong><em>ἕκαστά</em></strong></span> <span class='ocrx_word' id='word_1_208' title='bbox 1087 1980 1135 2007; x_wconf 86' lang='grc' dir='ltr'><strong>τε</strong></span> <span class='ocrx_word' id='word_1_209' title='bbox 1161 1964 1451 2022; x_wconf 73' lang='grc' dir='ltr'><strong><em>μυθήσαιτο,)</em></strong></span> 
     </span>
    </p>

    <p class='ocr_par' dir='ltr' id='par_1_11' title="bbox 90 2037 2247 2465">
     <span class='ocr_line' id='line_1_24' title="bbox 207 2037 2244 2097; baseline 0 -15"><span class='ocrx_word' id='word_1_210' title='bbox 207 2041 393 2084; x_wconf 84' lang='lat' dir='ltr'><strong>Profecto</strong></span> <span class='ocrx_word' id='word_1_211' title='bbox 434 2053 514 2083; x_wconf 91' lang='lat' dir='ltr'><strong>non</strong></span> <span class='ocrx_word' id='word_1_212' title='bbox 549 2045 604 2083; x_wconf 83' lang='lat' dir='ltr'><strong>eo&#39;</strong></span> <span class='ocrx_word' id='word_1_213' title='bbox 637 2040 803 2083; x_wconf 86' lang='lat' dir='ltr'><strong>consilio</strong></span> <span class='ocrx_word' id='word_1_214' title='bbox 839 2039 1019 2082; x_wconf 87' lang='lat' dir='ltr'><strong>Minerva</strong></span> <span class='ocrx_word' id='word_1_215' title='bbox 1057 2040 1201 2083; x_wconf 88' lang='lat' dir='ltr'><strong>nebula</strong></span> <span class='ocrx_word' id='word_1_216' title='bbox 1233 2041 1405 2083; x_wconf 81' lang='lat' dir='ltr'><strong>Ithacam</strong></span> <span class='ocrx_word' id='word_1_217' title='bbox 1440 2040 1710 2094; x_wconf 80' lang='lat' dir='ltr'><strong>cicumfundit,</strong></span> <span class='ocrx_word' id='word_1_218' title='bbox 1739 2046 1781 2084; x_wconf 92' lang='lat' dir='ltr'><strong>ut</strong></span> <span class='ocrx_word' id='word_1_219' title='bbox 1808 2041 1988 2097; x_wconf 81' lang='lat' dir='ltr'><strong>Ulyssem</strong></span> <span class='ocrx_word' id='word_1_220' title='bbox 2018 2042 2143 2097; x_wconf 89' lang='lat' dir='ltr'><strong>ipsum</strong></span> <span class='ocrx_word' id='word_1_221' title='bbox 2172 2037 2244 2094; x_wconf 77' lang='grc' dir='ltr'><strong>ἅγ·</strong></span> 
     </span>
     <span class='ocr_line' id='line_1_25' title="bbox 100 2112 2244 2172; baseline -0.001 -16"><span class='ocrx_word' id='word_1_222' title='bbox 100 2123 263 2156; x_wconf 78' lang='grc' dir='ltr'><strong><em>νωστον</em></strong></span> <span class='ocrx_word' id='word_1_223' title='bbox 299 2115 439 2163; x_wconf 71' lang='lat' dir='ltr'><strong>faciatz</strong></span> <span class='ocrx_word' id='word_1_224' title='bbox 473 2112 551 2170; x_wconf 72' lang='grc' dir='ltr'><strong>γάρ</strong></span> <span class='ocrx_word' id='word_1_225' title='bbox 588 2118 720 2155; x_wconf 87' lang='lat' dir='ltr'><strong>autem</strong></span> <span class='ocrx_word' id='word_1_226' title='bbox 756 2113 854 2154; x_wconf 87' lang='lat' dir='ltr'><strong>male</strong></span> <span class='ocrx_word' id='word_1_227' title='bbox 892 2115 1115 2169; x_wconf 76' lang='lat' dir='ltr'><strong>respondet</strong></span> <span class='ocrx_word' id='word_1_228' title='bbox 1151 2115 1308 2155; x_wconf 90' lang='lat' dir='ltr'><strong>verbis:</strong></span> <span class='ocrx_word' id='word_1_229' title='bbox 1346 2112 1428 2172; x_wconf 82' lang='grc' dir='ltr'><strong>ἤδη</strong></span> <span class='ocrx_word' id='word_1_230' title='bbox 1462 2113 1542 2170; x_wconf 82' lang='grc' dir='ltr'><strong>δήν</strong></span> <span class='ocrx_word' id='word_1_231' title='bbox 1580 2113 1760 2165; x_wconf 71' lang='grc' dir='ltr'><strong><em>α’πεαίνς</em></strong></span> <span class='ocrx_word' id='word_1_232' title='bbox 1799 2120 1959 2156; x_wconf 83' lang='lat' dir='ltr'><strong>etcum</strong></span> <span class='ocrx_word' id='word_1_233' title='bbox 1989 2119 2133 2156; x_wconf 86' lang='lat' dir='ltr'><strong>terram</strong></span> <span class='ocrx_word' id='word_1_234' title='bbox 2162 2125 2244 2155; x_wconf 90' lang='lat' dir='ltr'><strong>non</strong></span> 
     </span>
     <span class='ocr_line' id='line_1_26' title="bbox 96 2186 2247 2245; baseline -0.001 -15"><span class='ocrx_word' id='word_1_235' title='bbox 96 2191 310 2244; x_wconf 80' lang='lat' dir='ltr'><strong>agnovisse</strong></span> <span class='ocrx_word' id='word_1_236' title='bbox 338 2190 508 2245; x_wconf 85' lang='lat' dir='ltr'><strong>legimus</strong></span> <span class='ocrx_word' id='word_1_237' title='bbox 538 2202 576 2229; x_wconf 89' lang='lat' dir='ltr'><strong>v.</strong></span> <span class='ocrx_word' id='word_1_238' title='bbox 595 2188 710 2230; x_wconf 82' lang='lat'><strong>188.:</strong></span> <span class='ocrx_word' id='word_1_239' title='bbox 742 2189 836 2242; x_wconf 90' lang='lat' dir='ltr'><strong>quid</strong></span> <span class='ocrx_word' id='word_1_240' title='bbox 857 2190 1049 2242; x_wconf 80' lang='lat' dir='ltr'><strong>quaeris?</strong></span> <span class='ocrx_word' id='word_1_241' title='bbox 1079 2212 1130 2221; x_wconf 90' lang='lat'><strong>—</strong></span> <span class='ocrx_word' id='word_1_242' title='bbox 1153 2201 1326 2243; x_wconf 86' lang='lat' dir='ltr'><strong>repone:</strong></span> <span class='ocrx_word' id='word_1_243' title='bbox 1354 2189 1453 2243; x_wconf 82' lang='grc' dir='ltr'><strong><em>περὶ</em></strong></span> <span class='ocrx_word' id='word_1_244' title='bbox 1482 2187 1521 2230; x_wconf 77' lang='grc' dir='ltr'><strong>δ’</strong></span> <span class='ocrx_word' id='word_1_245' title='bbox 1546 2186 1603 2242; x_wconf 81' lang='grc' dir='ltr'><strong>ὅίρ</strong></span> <span class='ocrx_word' id='word_1_246' title='bbox 1631 2187 1737 2237; x_wconf 70' lang='grc' dir='ltr'><strong>θεός</strong></span> <span class='ocrx_word' id='word_1_247' title='bbox 1765 2188 1838 2243; x_wconf 77' lang='lat' dir='ltr'><strong>(cs.</strong></span> <span class='ocrx_word' id='word_1_248' title='bbox 1860 2189 1964 2231; x_wconf 80' lang='lat' dir='ltr'><strong>iliad.</strong></span> <span class='ocrx_word' id='word_1_249' title='bbox 1984 2188 2177 2241; x_wconf 82' lang='lat'><strong>2¹,549.)</strong></span> <span class='ocrx_word' id='word_1_250' title='bbox 2205 2192 2247 2229; x_wconf 88' lang='lat' dir='ltr'><strong>et</strong></span> 
     </span>
     <span class='ocr_line' id='line_1_27' title="bbox 95 2258 2245 2319; baseline 0 -15"><span class='ocrx_word' id='word_1_251' title='bbox 95 2258 215 2317; x_wconf 71' lang='grc' dir='ltr'><strong><em>ὄφρα</em></strong></span> <span class='ocrx_word' id='word_1_252' title='bbox 245 2263 411 2316; x_wconf 73' lang='lat' dir='ltr'><strong>explicat</strong></span> <span class='ocrx_word' id='word_1_253' title='bbox 444 2265 618 2314; x_wconf 88' lang='lat' dir='ltr'><strong>donec;</strong></span> <span class='ocrx_word' id='word_1_254' title='bbox 649 2263 726 2304; x_wconf 83' lang='lat' dir='ltr'><strong>vid.</strong></span> <span class='ocrx_word' id='word_1_255' title='bbox 744 2262 855 2304; x_wconf 80' lang='lat' dir='ltr'><strong>iliad.</strong></span> <span class='ocrx_word' id='word_1_256' title='bbox 866 2260 1216 2316; x_wconf 77' lang='lat' dir='ltr'><strong>10‚571.(Voss.‚</strong></span> <span class='ocrx_word' id='word_1_257' title='bbox 1244 2262 1577 2317; x_wconf 81' lang='lat' dir='ltr'><strong>Heyn.,Faes.)</strong></span> <span class='ocrx_word' id='word_1_258' title='bbox 1594 2268 1635 2305; x_wconf 84' lang='lat' dir='ltr'><strong>et</strong></span> <span class='ocrx_word' id='word_1_259' title='bbox 1655 2262 1798 2317; x_wconf 74' lang='lat' dir='ltr'><strong>odyss,</strong></span> <span class='ocrx_word' id='word_1_260' title='bbox 1818 2259 2245 2319; x_wconf 75' lang='lat' dir='ltr'><strong>17‚298.(Ameis.),</strong></span> 
     </span>
     <span class='ocr_line' id='line_1_28' title="bbox 92 2328 2244 2390; baseline -0.002 -11"><span class='ocrx_word' id='word_1_261' title='bbox 92 2336 160 2379; x_wconf 84' lang='lat' dir='ltr'><strong>uhi</strong></span> <span class='ocrx_word' id='word_1_262' title='bbox 189 2332 245 2376; x_wconf 77' lang='grc' dir='ltr'><strong>ἄν</strong></span> <span class='ocrx_word' id='word_1_263' title='bbox 276 2335 455 2387; x_wconf 86' lang='lat' dir='ltr'><strong>additum,</strong></span> <span class='ocrx_word' id='word_1_264' title='bbox 484 2337 536 2378; x_wconf 89' lang='lat' dir='ltr'><strong>ita</strong></span> <span class='ocrx_word' id='word_1_265' title='bbox 565 2341 606 2377; x_wconf 92' lang='lat' dir='ltr'><strong>ut</strong></span> <span class='ocrx_word' id='word_1_266' title='bbox 635 2336 712 2378; x_wconf 89' lang='lat' dir='ltr'><strong>hoc</strong></span> <span class='ocrx_word' id='word_1_267' title='bbox 740 2334 832 2376; x_wconf 92' lang='lat' dir='ltr'><strong>loco</strong></span> <span class='ocrx_word' id='word_1_268' title='bbox 861 2336 981 2378; x_wconf 91' lang='lat' dir='ltr'><strong>scribi</strong></span> <span class='ocrx_word' id='word_1_269' title='bbox 1008 2336 1152 2390; x_wconf 81' lang='lat' dir='ltr'><strong>possit:</strong></span> <span class='ocrx_word' id='word_1_270' title='bbox 1186 2328 1303 2390; x_wconf 68' lang='grc' dir='ltr'><strong><em>ὄφρα</em></strong></span> <span class='ocrx_word' id='word_1_271' title='bbox 1321 2350 1394 2377; x_wconf 83' lang='grc' dir='ltr'><strong>κεν</strong></span> <span class='ocrx_word' id='word_1_272' title='bbox 1413 2332 1566 2378; x_wconf 75' lang='grc' dir='ltr'><strong><em>αὐτόν.</em></strong></span> <span class='ocrx_word' id='word_1_273' title='bbox 1596 2358 1649 2367; x_wconf 93' lang='grc'><strong>-</strong></span> <span class='ocrx_word' id='word_1_274' title='bbox 1678 2335 1781 2379; x_wconf 88' lang='lat' dir='ltr'><strong>Olim</strong></span> <span class='ocrx_word' id='word_1_275' title='bbox 1797 2335 1967 2379; x_wconf 85' lang='lat' dir='ltr'><strong>conieci:</strong></span> <span class='ocrx_word' id='word_1_276' title='bbox 1994 2334 2066 2375; x_wconf 74' lang='grc' dir='ltr'><strong>καὶ</strong></span> <span class='ocrx_word' id='word_1_277' title='bbox 2092 2330 2244 2384; x_wconf 69' lang='grc' dir='ltr'><strong><em>αὐτόν,</em></strong></span> 
     </span>
     <span class='ocr_line' id='line_1_29' title="bbox 90 2408 1657 2465; baseline 0.002 -14"><span class='ocrx_word' id='word_1_278' title='bbox 90 2415 132 2451; x_wconf 78' lang='lat' dir='ltr'><strong>nt</strong></span> <span class='ocrx_word' id='word_1_279' title='bbox 161 2422 249 2452; x_wconf 93' lang='lat' dir='ltr'><strong>cum</strong></span> <span class='ocrx_word' id='word_1_280' title='bbox 279 2410 321 2458; x_wconf 80' lang='lat' dir='ltr'><strong>vi</strong></span> <span class='ocrx_word' id='word_1_281' title='bbox 344 2410 430 2462; x_wconf 86' lang='lat' dir='ltr'><strong>ipse</strong></span> <span class='ocrx_word' id='word_1_282' title='bbox 458 2409 659 2451; x_wconf 83' lang='lat' dir='ltr'><strong>mutandus</strong></span> <span class='ocrx_word' id='word_1_283' title='bbox 690 2412 913 2465; x_wconf 88' lang='lat' dir='ltr'><strong>opponatur</strong></span> <span class='ocrx_word' id='word_1_284' title='bbox 941 2413 1074 2452; x_wconf 82' lang='lat' dir='ltr'><strong>terrae</strong></span> <span class='ocrx_word' id='word_1_285' title='bbox 1103 2413 1274 2452; x_wconf 86' lang='lat' dir='ltr'><strong>mutatae</strong></span> <span class='ocrx_word' id='word_1_286' title='bbox 1304 2408 1573 2463; x_wconf 83' lang='lat'><strong>(188—89.).</strong></span> <span class='ocrx_word' id='word_1_287' title='bbox 1600 2432 1657 2442; x_wconf 92' lang='lat'>—</span> 
     </span>
    </p>
   </div>
   <div class='ocr_carea' id='block_1_10' title="bbox 669 2489 1659 2569">
    <p class='ocr_par' dir='ltr' id='par_1_12' title="bbox 669 2489 1659 2569">
     <span class='ocr_line' id='line_1_30' title="bbox 669 2489 1659 2569; baseline 0.002 -13"><span class='ocrx_word' id='word_1_288' title='bbox 669 2490 866 2569; x_wconf 75' lang='lat' dir='ltr'><strong>Odyss.</strong></span> <span class='ocrx_word' id='word_1_289' title='bbox 906 2489 1035 2558; x_wconf 81' lang='lat' dir='ltr'><strong>Lib.</strong></span> <span class='ocrx_word' id='word_1_290' title='bbox 1073 2489 1225 2558; x_wconf 88' lang='lat' dir='ltr'>XIV.</span> <span class='ocrx_word' id='word_1_291' title='bbox 1303 2508 1358 2556; x_wconf 85' lang='lat' dir='ltr'><strong>v.</strong></span> <span class='ocrx_word' id='word_1_292' title='bbox 1396 2494 1659 2558; x_wconf 81' lang='lat'><strong>404—5.:</strong></span> 
     </span>
    </p>
   </div>
   <div class='ocr_carea' id='block_1_11' title="bbox 82 2601 2242 2887">
    <p class='ocr_par' dir='ltr' id='par_1_13' title="bbox 82 2601 2242 2887">
     <span class='ocr_line' id='line_1_31' title="bbox 424 2601 1570 2664; baseline 0.002 -17"><span class='ocrx_word' id='word_1_293' title='bbox 424 2601 470 2654; x_wconf 77' lang='grc' dir='ltr'><strong>ὃς</strong></span> <span class='ocrx_word' id='word_1_294' title='bbox 498 2604 538 2647; x_wconf 79' lang='lat'><strong>0³</strong></span> <span class='ocrx_word' id='word_1_295' title='bbox 567 2606 662 2647; x_wconf 81' lang='grc' dir='ltr'><strong><em>ἐπεὶ</em></strong></span> <span class='ocrx_word' id='word_1_296' title='bbox 692 2607 734 2656; x_wconf 82' lang='grc' dir='ltr'><strong>ἐς</strong></span> <span class='ocrx_word' id='word_1_297' title='bbox 762 2606 928 2664; x_wconf 80' lang='grc' dir='ltr'><strong><em>κλισίην</em></strong></span> <span class='ocrx_word' id='word_1_298' title='bbox 956 2601 1116 2662; x_wconf 63' lang='grc' dir='ltr'><strong><em>ἄγαγον</em></strong></span> <span class='ocrx_word' id='word_1_299' title='bbox 1144 2605 1217 2648; x_wconf 77' lang='grc' dir='ltr'><strong><em>καὶ</em></strong></span> <span class='ocrx_word' id='word_1_300' title='bbox 1250 2609 1387 2658; x_wconf 79' lang='grc' dir='ltr'><strong><em>ξείνια</em></strong></span> <span class='ocrx_word' id='word_1_301' title='bbox 1413 2607 1570 2662; x_wconf 75' lang='grc' dir='ltr'><strong><em>δῶκα,)</em></strong></span> 
     </span>
     <span class='ocr_line' id='line_1_32' title="bbox 420 2673 1641 2740; baseline 0.001 -17"><span class='ocrx_word' id='word_1_302' title='bbox 420 2673 545 2729; x_wconf 76' lang='grc' dir='ltr'><strong><em>αιῗτις</em></strong></span> <span class='ocrx_word' id='word_1_303' title='bbox 573 2681 621 2722; x_wconf 79' lang='grc' dir='ltr'><strong>δὲ</strong></span> <span class='ocrx_word' id='word_1_304' title='bbox 649 2686 872 2735; x_wconf 78' lang='grc' dir='ltr'><strong><em>κτείναιμι,</em></strong></span> <span class='ocrx_word' id='word_1_305' title='bbox 904 2682 1032 2737; x_wconf 84' lang='grc' dir='ltr'><strong><em>φίλον</em></strong></span> <span class='ocrx_word' id='word_1_306' title='bbox 1059 2682 1097 2724; x_wconf 78' lang='grc' dir='ltr'><strong>τ’</strong></span> <span class='ocrx_word' id='word_1_307' title='bbox 1124 2681 1219 2725; x_wconf 80' lang='grc' dir='ltr'><strong><em>α’πό</em></strong></span> <span class='ocrx_word' id='word_1_308' title='bbox 1249 2682 1398 2738; x_wconf 68' lang='grc' dir='ltr'><strong><em>θυμόν</em></strong></span> <span class='ocrx_word' id='word_1_309' title='bbox 1428 2683 1641 2740; x_wconf 82' lang='grc' dir='ltr'><strong><em>ἑλοίμην.)</em></strong></span> 
     </span>
     <span class='ocr_line' id='line_1_33' title="bbox 198 2754 2242 2813; baseline 0 -13"><span class='ocrx_word' id='word_1_310' title='bbox 198 2756 283 2808; x_wconf 63' lang='lat' dir='ltr'><strong>ct,</strong></span> <span class='ocrx_word' id='word_1_311' title='bbox 324 2769 429 2811; x_wconf 89' lang='lat' dir='ltr'><strong>quae</strong></span> <span class='ocrx_word' id='word_1_312' title='bbox 457 2755 509 2799; x_wconf 83' lang='lat' dir='ltr'><strong>ad</strong></span> <span class='ocrx_word' id='word_1_313' title='bbox 548 2754 657 2799; x_wconf 79' lang='lat' dir='ltr'><strong>iliad.</strong></span> <span class='ocrx_word' id='word_1_314' title='bbox 688 2754 938 2807; x_wconf 79' lang='lat'><strong>1,133-34.</strong></span> <span class='ocrx_word' id='word_1_315' title='bbox 972 2762 1156 2801; x_wconf 83' lang='lat' dir='ltr'><strong>annotata</strong></span> <span class='ocrx_word' id='word_1_316' title='bbox 1185 2761 1278 2800; x_wconf 88' lang='lat' dir='ltr'><strong>sunt</strong></span> <span class='ocrx_word' id='word_1_317' title='bbox 1286 2771 1300 2810; x_wconf 80' lang='lat'>3</span> <span class='ocrx_word' id='word_1_318' title='bbox 1329 2758 1381 2801; x_wconf 82' lang='lat' dir='ltr'><strong>ita</strong></span> <span class='ocrx_word' id='word_1_319' title='bbox 1410 2762 1520 2801; x_wconf 85' lang='lat' dir='ltr'><strong>corte</strong></span> <span class='ocrx_word' id='word_1_320' title='bbox 1548 2757 1616 2801; x_wconf 88' lang='lat' dir='ltr'><strong>hic</strong></span> <span class='ocrx_word' id='word_1_321' title='bbox 1643 2756 1759 2801; x_wconf 80' lang='lat' dir='ltr'><strong>locus</strong></span> <span class='ocrx_word' id='word_1_322' title='bbox 1786 2756 1933 2813; x_wconf 78' lang='lat' dir='ltr'><strong>poterit</strong></span> <span class='ocrx_word' id='word_1_323' title='bbox 1961 2755 2169 2809; x_wconf 73' lang='lat' dir='ltr'><strong>adiuuare,</strong></span> <span class='ocrx_word' id='word_1_324' title='bbox 2196 2760 2242 2801; x_wconf 72' lang='lat' dir='ltr'><strong>ut</strong></span> 
     </span>
     <span class='ocr_line' id='line_1_34' title="bbox 82 2829 1858 2887; baseline 0.001 -13"><span class='ocrx_word' id='word_1_325' title='bbox 82 2829 162 2874; x_wconf 72' lang='lat' dir='ltr'><strong>flia</strong></span> <span class='ocrx_word' id='word_1_326' title='bbox 189 2829 342 2874; x_wconf 76' lang='grc' dir='ltr'><strong><em>ἔπειτα</em></strong></span> <span class='ocrx_word' id='word_1_327' title='bbox 369 2829 506 2874; x_wconf 87' lang='lat' dir='ltr'><strong>saltem</strong></span> <span class='ocrx_word' id='word_1_328' title='bbox 534 2829 816 2887; x_wconf 85' lang='lat' dir='ltr'><strong>aliquantillum</strong></span> <span class='ocrx_word' id='word_1_329' title='bbox 845 2829 1010 2875; x_wconf 77' lang='lat' dir='ltr'><strong>honoris</strong></span> <span class='ocrx_word' id='word_1_330' title='bbox 1038 2831 1157 2875; x_wconf 81' lang='lat' dir='ltr'><strong>matri</strong></span> <span class='ocrx_word' id='word_1_331' title='bbox 1187 2831 1380 2886; x_wconf 84' lang='lat' dir='ltr'><strong>reliquum</strong></span> <span class='ocrx_word' id='word_1_332' title='bbox 1407 2830 1555 2877; x_wconf 77' lang='lat' dir='ltr'><strong>fecisse</strong></span> <span class='ocrx_word' id='word_1_333' title='bbox 1583 2830 1776 2875; x_wconf 78' lang='lat' dir='ltr'><strong>videatur.</strong></span> <span class='ocrx_word' id='word_1_334' title='bbox 1807 2854 1858 2868; x_wconf 88' lang='lat'><strong>--</strong></span> 
     </span>
    </p>
   </div>
  </div>
 </body>
</html>
