2360 3024
985 111 1343 166 *ulau-

72 254 212 295 sertim
242 264 361 304 quum
391 265 431 293 v-
458 251 558 293 499.
602 261 707 304 puer
736 253 924 289 narretur
954 246 1135 297 α’νιέναι,
1168 253 1209 288 et
1237 252 1350 288 recte
1381 246 1538 299 quidem
1550 260 1563 294 ;
1592 258 1681 287 nam
1711 247 1790 287 hoc
1819 250 1971 288 certum
2000 250 2084 296 est,
2116 247 2248 299 aliquo

72 327 194 368 modo
224 329 393 366 matrem
423 324 473 365 ab
504 334 557 365 eo
587 322 777 375 relinqui.
836 321 1070 363 Hoccine
1111 319 1399 370 credibile,
1429 323 1573 360 tanta
1601 319 1734 372 inopia
1762 319 1939 360 innata
1970 317 2126 360 Graeco
2155 330 2249 360 ser-

73 399 179 441 moni
217 403 271 439 ut
310 396 436 439 siet!
465 418 522 427 —
550 394 659 437 Vah!
689 396 725 438 si
755 393 898 437 Graeci
925 395 1029 438 haec
1060 392 1205 435 eodem
1234 394 1361 435 verbo
1393 392 1600 444 dixissent,
1630 390 1816 446 profecto
1847 403 1928 433 non
1959 392 2181 446 elegantius
2211 396 2251 432 et

74 469 285 514 dilucidius
302 473 442 512 essent
456 467 590 520 locuti,
624 479 742 521 quam
757 471 925 522 egomet
937 466 1137 509 nonnullis
1149 466 1329 516 videbor,
1361 477 1480 519 quum
1496 477 1583 505 eam
1598 465 1830 518 opinionem
1862 465 2135 518 antigerio
2158 466 2251 505 mihi

73 541 290 598 displicere
308 554 380 583 ero
398 541 623 596 professus,
655 541 740 584 Stat
754 539 973 582 sententia!
1001 550 1175 592 repone:
1207 536 1356 578 ἄπεισι
1374 530 1625 591 νθιᾶρέῗσι.
1642 559 1693 567 -
1715 537 1818 578 Olim
1830 539 2007 580 conieci:
2038 535 2248 591 πρόσεισι,

70 613 238 668 μέτεισι
268 615 514 670 (Daciam
551 613 725 669 aboi-de)
757 618 820 655 et:
862 610 1060 667 πάρεισι,·
1089 612 1138 652 cf.
1169 612 1376 653 Passov.
1407 611 1505 653 Lex.
1536 609 1628 661 Gr„
1667 609 1823 665 Heyn.
1860 615 1901 653 et
1930 610 2064 652 Voss.
2097 633 2151 640 --
2181 610 2250 649 ln-

69 694 231 745 terpres
258 688 417 732 Latinus
446 700 485 729 v.
513 686 626 730 492:
656 686 816 738 vadit,
850 691 892 728 et
920 699 960 727 v.
987 685 1098 729 499.:
1128 685 1281 736 redit,
1313 682 1562 738 [Dacier.:
1594 682 1987 737 reviendra)!—

731 790 902 855 Iliad.
944 790 1066 855 Lib.
1109 790 1307 854 xxiii.
1389 807 1443 851 z
1487 792 1599 852 74:

412 906 506 948 ἀλλ’
536 901 678 953 αὕτως
707 904 927 960 ἀλάλημαι
958 904 1025 946 a'v'
1054 903 1291 960 εὐρυπυλὲς
1311 903 1447 952 ’Ἄιδος
1477 904 1574 953 δῶ.)

186 982 376 1035 Repone:
407 977 596 1034 α’λοέλημ’
626 978 762 1033 ἄμφ’,·
794 979 846 1021 cf.
877 993 914 1020 v.
944 977 1112 1030 ‘tt—3„
1142 979 1281 1033 virgil.
1314 981 1419 1022 Aen.
1450 978 1590 1030 6,329.
1622 1001 1672 1010 -
1706 978 1906 1031 Interpres
1937 978 2117 1026 Latinus:
2148 980 2251 1020 cir-

75 1067 208 1104 cum;
239 1054 331 1096 item
362 1053 533 1104 Voss.;
579 1052 809 1096 Daciem
850 1051 1061 1094 devant!
1106 1075 1160 1081 —

632 1138 803 1203 Iliad.
845 1138 972 1202 Lib.
1015 1138 1213 1202 XXHL
1296 1156 1351 1199 v.
1394 1142 1693 1201 200—213.

183 1256 428 1298 Posterioris
469 1254 610 1296 aetatis
651 1254 836 1295 videntur
876 1265 970 1295 esse
1011 1253 1050 1293 hi
1090 1264 1232 1295 versus
1243 1266 1255 1302 3
1298 1252 1530 1294 Ovidianum
1570 1251 1765 1305 quendam
1795 1252 2026 1306 praeferunt
2056 1254 2249 1296 colorem.

71 1328 130 1371 Cf.
163 1340 264 1381 quae
295 1327 344 1370 ad
375 1326 630 1379 7,443-64,
662 1327 861 1368 annotavi.

182 1401 302 1447 Vers.
334 1400 426 1443 191.
454 1401 495 1442 in
526 1401 688 1442 vocibus
719 1398 833 1454 χρόα
863 1398 997 1441 ἴνεσιν
1027 1397 1105 1455 ἠδὲ
1136 1397 1336 1452 μέλεσσιν
1369 1403 1432 1441 est
1461 1397 1572 1453 χρόα
1600 1398 1686 1453 ipsa
1716 1411 1808 1451 res,
1839 1412 1958 1454 quam
1986 1401 2129 1454 recipit
2159 1412 2251 1441 ver—

70 1478 187 1526 bum,
229 1480 269 1517 et
309 1475 462 1517 dativus
501 1479 578 1517 stat
615 1487 713 1516 vera
743 1479 785 1516 et
814 1487 1005 1528 germana
1033 1475 1098 1526 vi,
1137 1478 1181 1516 ut
1211 1474 1311 1515 cutis
1339 1473 1394 1514 ita
1426 1473 1576 1515 dicatur
1606 1474 1747 1515 siccari
1778 1474 2064 1524 circumcirca,
2104 1479 2144 1516 ut
2175 1475 2252 1516 hoc

72 1549 214 1590 malum
252 1549 388 1589 nervis
427 1552 467 1589 et
508 1547 699 1588 membris
738 1547 905 1589 accidat.
975 1546 1034 1588 Cr.
1073 1546 1122 1587 de
1163 1547 1461 1600 praepositione
1500 1546 1606 1587 lliad.
1648 1547 1786 1597 11,89.
1817 1551 1857 1587 et
1888 1548 1939 1588 de
1973 1548 2119 1598 dativo,
2151 1560 2251 1601 quae

71 1624 213 1676 Progr.
261 1621 476 1662 Crucenac.
510 1620 632 1662 1855.
664 1633 703 1674 p.
735 1620 890 1660 24-6.
922 1620 1092 1673 exposui
1101 1634 1114 1671 3
1146 1621 1291 1673 quibus
1322 1619 1426 1659 adde
1457 1620 1827 1661 Schneidevin.
1857 1621 1920 1661 ad.
1951 1621 1991 1662 S.
2022 1620 2122 1661 Oed.
2151 1621 2250 1674 Reg.

72 1708 111 1735 v.
142 1693 211 1735 25.
240 1716 295 1723 —
327 1693 472 1734 Laetor
503 1692 545 1733 C.
577 1693 623 1734 V.
664 1692 901 1734 Nauckio
932 1693 1160 1746 complures
1191 1703 1371 1734 meorum
1400 1693 1620 1734 dativorum
1649 1693 1850 1747 placuisse
1882 1698 1923 1735 et
1952 1698 2047 1746 puto
2077 1694 2250 1734 futurum

73 1778 188 1819 esse,
228 1771 270 1806 ut
310 1767 348 1807 ei
388 1766 703 1820 persuadeatur,
746 1765 849 1818 apud
880 1765 1081 1806 Horatium
1112 1767 1259 1807 saxis
1290 1777 1455 1820 quoque
1485 1770 1641 1819 gratum
1670 1767 1779 1815 fieri,
1820 1767 1928 1819 quod
1959 1768 2102 1807 turbati
2133 1768 2250 1807 maris

70 1852 208 1892 spuma
246 1840 490 1889 liberantur,
531 1839 572 1879 C.
614 1839 797 1890 1,12‚29.
863 1839 1016 1881 Eadem
1054 1840 1194 1881 subest
1229 1841 1332 1881 ratio
1373 1840 1546 1893 plurimis
1585 1839 1716 1891 locis,
1757 1841 1867 1882 velut
1907 1841 2032 1882 Carm.
2076 1841 2250 1892 1‚11‚6.;

71 1910 280 1963 2‚16,17.;
319 1911 498 1962 3,1,10.;
538 1910 689 1963 4‚7,9.;
729 1912 860 1965 Epod.
902 1911 1060 1964 16‚55.;
1100 1913 1266 1954 interest
1305 1912 1408 1953 enim
1440 1912 1557 1953 etiam
1589 1913 1848 1955 siccarum
1880 1913 2177 1968 glebarum,
2208 1918 2251 1955 ut

71 1990 289 2028 urantur
321 1985 530 2028 semina.
569 2007 625 2014 —-
665 1984 797 2028 Carm.
838 1983 990 2037 1,1‚15.
1031 1989 1071 2025 et
1120 1983 1273 2036 1,3,13.
1314 1996 1408 2026 esse
1446 1985 1602 2026 dativos
1641 1986 1676 2027 is
1717 1985 1846 2028 solum
1876 1988 1965 2028 sine
1996 1986 2248 2027 adiunctione

69 2063 202 2112 potest
239 2059 399 2109 dicere,
431 2059 498 2112 qui
527 2070 686 2099 mecum
717 2070 857 2099 omnes
889 2069 1019 2108 casuS,
1050 2069 1153 2110 quos
1183 2070 1258 2111 per
1284 2058 1451 2098 formam
1482 2059 1597 2109 licet,
1639 2059 1794 2100 dativos
1823 2061 1994 2107 habeat3
2024 2072 2113 2100 nam
2143 2061 2248 2100 luc-

71 2133 174 2174 tari
203 2134 456 2186 coniungitur
488 2134 606 2173 etiam
638 2145 729 2174 cum
761 2132 948 2172 ablativo.
979 2153 1034 2161 —

187 2206 419 2248 CeterumN
429 2206 666 2248 auckium
682 2217 806 2260 spero
824 2218 1015 2247 summam
1044 2217 1157 2248 suam
1188 2217 1305 2259 quam
1335 2204 1564 2248 testificatus
1594 2211 1656 2248 est
1684 2207 1970 2260 interpretandi
2000 2209 2178 2261 peritiam
2209 2213 2247 2248 et

72 2279 215 2321 eximia
244 2280 283 2320 in
314 2279 517 2321 Horatium
547 2292 659 2322 suum
691 2279 832 2321 merita
862 2279 913 2320 ita
943 2278 1233 2321 cumulaturum
1262 2289 1376 2328 esse,
1406 2282 1449 2320 ut
1477 2279 1690 2321 maximum
1720 2291 1812 2323 esse
1849 2284 2008 2335 tempus
2034 2281 2246 2333 existimet,

69 2356 113 2395 ut
150 2353 189 2394 in
220 2352 470 2396 scholasticis
510 2353 624 2395 huius
663 2356 809 2407 poetae
839 2352 1077 2395 editionibus
1108 2352 1237 2407 magis
1268 2351 1437 2392 ducatur
1467 2363 1607 2394 eorum
1636 2353 1764 2406 ratio,
1795 2366 1898 2409 quae
1929 2355 2050 2395 critici
2081 2357 2120 2395 in
2150 2367 2246 2396 sus-

65 2426 265 2479 picionem
296 2425 496 2467 adducunt
523 2426 592 2467 vel
620 2428 859 2481 vituperant,
891 2430 930 2466 et
960 2426 1118 2467 desinat
1146 2426 1303 2466 animae
1332 2437 1500 2479 magnae
1530 2426 1723 2482 prodigus
1753 2440 1847 2470 esse
1876 2429 1917 2469 in
1946 2430 2068 2470 rebus
2099 2429 2247 2484 despe-

67 2500 179 2550 ratis,
209 2499 322 2540 velut
349 2499 390 2539 in
418 2500 505 2551 ipso
535 2502 665 2552 primo
695 2501 885 2552 carmine,
916 2501 1152 2551 praesertim
1181 2499 1222 2539 in
1249 2499 1454 2553 farragine
1484 2513 1523 2544 v.
1553 2500 1759 2551 30—36.;
1791 2515 1895 2555 quae
1925 2503 2105 2545 adversis
2134 2503 2247 2544 fron-

66 2573 172 2617 tibus
202 2584 342 2615 secum
372 2577 561 2628 pugnant.
597 2596 651 2605 --
684 2573 743 2618 Cf.
774 2574 983 2616 Linker.
1040 2572 1171 2616 Praei.
1201 2571 1261 2616 111.
1292 2595 1347 2602 —

178 2646 252 2688 Rei
269 2646 387 2688 etiam
403 2646 566 2687 maioris
584 2648 825 2689 mentionem
838 2646 1034 2687 inchoabo
1065 2647 1114 2688 ad
1143 2646 1283 2687 Horat.
1314 2645 1440 2689 Carm.
1474 2648 1555 2698 1,2.
1578 2670 1633 2679 —
1655 2649 1844 2691 Veritatis
1869 2650 2025 2691 divinae
2046 2654 2197 2691 semina
2221 2664 2244 2691 e

68 2719 192 2759 sacris
231 2719 371 2761 litteris
411 2720 460 2760 ad
504 2731 643 2761 omnes
672 2726 947 2772 pervenerunt
976 2726 1123 2774 gentes
1153 2724 1273 2772 atque
1304 2726 1421 2761 enata
1449 2722 1622 2764 fructum
1651 2723 1938 2775 reddiderunt,
1981 2730 2024 2764 ut
2052 2726 2131 2766 loci
2160 2726 2246 2765 tulit
