2360 3024
456 233 523 274 ”1
612 236 731 304 m
746 202 960 323 ωηοῑιιι·
973 234 1156 288 α’νιέναι,
1186 241 1230 278 et
1256 240 1371 279 recte
1400 234 1584 290 quiderm
1611 246 1702 277 uam
1731 234 1811 278 boc
1838 238 1992 278 certum
2020 238 2105 287 est,
2136 234 2270 290 aliquo

576 305 593 331 ”
840 316 878 367 '7-
908 312 1091 379 coine
1131 309 1420 362 credibile,
1448 313 1594 352 tanta
1620 309 1755 363 inopia
1782 309 1960 352 innata
1989 308 2147 352 Graeco
2175 320 2270 353 ser-

847 370 888 390 f*
908 354 940 379 a
977 409 1087 454 «n'
1078 383 1227 428 eodem
1253 383 1382 426 verbo
1413 382 1621 435 dixissent,
1650 380 1837 437 profecto
1867 393 1949 424 non
1979 381 2202 437 elegantius
2231 386 2272 423 et

935 440 969 461 ἂ
1058 447 1350 508 '''v1debor
1380 468 1501 510 quum
1516 455 1851 510 eamopinionem
1882 455 2156 510 antigerio
2177 456 2272 497 mihi

368 653 506 718 ‘⁶⁸³2
557 668 574 701 .'
601 651 704 700 ³¹5¹
740 705 746 709 -
829 633 913 717 ‘et
939 688 981 717 v.
1006 674 1119 718 499.-
1146 674 1301 725 redit,
1333 671 1583 727 (Βαοὶοω
1614 671 2008 726 reviendra)!—

750 777 923 843 Iliad
963 778 1087 842 Lib
1128 778 1327 842 xxm
1420 816 1464 839 ..
1507 781 1620 840 74.1

431 893 526 937 ἀλλ’
555 888 698 942 αὔτως
726 891 948 949 αλάλημαι
977 891 1046 935 ἄν’
1074 890 1312 949 εὐρυπυλὲς
1330 890 1468 940 ’Ἀιδος
1497 891 1595 942 δῶ.)

205 968 396 1023 Repone:
426 965 616 1022 α’λιίλημ’
645 965 783 1021 ἄμφ’,·
813 967 867 1008 cf.
897 980 934 1007 v.
964 965 1132 1017 71—3„
1162 967 1302 1020 virgil.
1333 968 1440 1009 Aen.
1470 966 1611 1017 6,329.
1642 988 1693 997 —-
1726 966 1927 1018 Inter-pres
1957 966 2138 1009 Latinus:
2168 967 2272 1007 cir-

76 1044 229 1092 ¹*cum3
258 1041 352 1083 item
381 1039 554 1092 Voss.;
599 1038 829 1083 Daciem
870 1037 1081 1082 devant!
1125 1062 1181 1070 —

652 1125 824 1191 Iliad.
865 1124 993 1189 Lib,
1035 1124 1235 1189 XXlll.
1316 1143 1372 1187 V·
1414 1129 1715 1188 200—213.

203 1242 449 1285 Posterioris
488 1241 631 1282 aetatis
671 1240 856 1281 videntur
896 1252 991 1282 esse
1031 1240 1071 1280 hi
1110 1251 1275 1288 versus;
1318 1239 1551 1281 Ovidianum
1590 1238 1786 1291 quendam
1815 1239 2047 1293 praeferunt
2076 1241 2270 1283 colorem.

91 1314 151 1358 Cf.
182 1326 284 1368 quae
315 1314 365 1357 ad
394 1313 651 1366 ’1,443-64,
682 1313 882 1356 annotavi.

202 1387 323 1433 Vers.
354 1385 446 1429 191.
474 1387 516 1428 in
546 1387 709 1428 vocibus
739 1384 854 1440 χρόα
883 1384 1018 1427 ἴνεσιν
1046 1383 1126 1441 ἠδὲ
1156 1383 1357 1438 μέλεσσιν
1389 1389 1453 1427 est
1481 1383 1593 1439 χρόα
1620 1384 1707 1438 ipsa
1736 1397 1829 1437 res,
1859 1398 1979 1440 quam
2006 1386 2150 1440 recipit
2179 1398 2272 1427 ver-

89 1463 208 1511 bum,
249 1464 290 1501 et
328 1459 482 1501 dativus
520 1464 599 1501 stat
635 1471 734 1500 vera
763 1463 805 1500 et
834 1471 1026 1512 germana
1053 1460 1119 1510 vi,
1157 1463 1202 1500 ut
1231 1459 1332 1499 cutis
1359 1458 1415 1498 ita
1446 1458 1598 1499 dicatur
1626 1459 1768 1499 siccari
1798 1459 2085 1508 circumcirca,
2124 1464 2165 1500 ut
2195 1459 2273 1501 boc

91 1534 234 1575 malum
272 1534 408 1574 nervis
446 1537 487 1574 et
528 1532 720 1573 membris
758 1532 926 1574 accidat.
995 1531 1055 1573 Cr.
1093 1531 1143 1572 de
1183 1532 1482 1584 praepositione
1521 1530 1627 1572 iliad.
1668 1530 1807 1582 11,89.
1838 1535 1878 1572 et
1908 1531 1960 1573 de
1993 1531 2140 1583 dativo,
2171 1544 2272 1585 quae

91 1607 234 1660 Progr.
281 1604 496 1647 Crucenac.
529 1603 653 1647 1855.
684 1616 724 1658 p.
755 1603 911 1646 24—6.
943 1603 1135 1657 exposui;
1166 1603 1312 1658 quibus
1342 1602 1447 1645 adde
1477 1603 1848 1646 Schneidevin.
1877 1604 1941 1646 ad.
1971 1604 2012 1647 S.
2042 1603 2143 1646 Oed.
2170 1604 2271 1659 Reg.

91 1692 131 1719 v.
161 1678 231 1721 25.
260 1700 316 1707 —
347 1677 493 1719 Laetor
523 1676 566 1717 C.
596 1676 645 1718 V.
684 1675 922 1719 Nauckio
952 1675 1181 1731 complures
1210 1688 1392 1718 meorum
1420 1675 1641 1718 dativorum
1669 1676 1871 1731 placuisse
1902 1680 1944 1719 et
1971 1680 2068 1731 puto
2096 1675 2271 1718 futurum

92 1762 209 1803 esse,
248 1755 291 1792 ut
329 1751 369 1793 ei
408 1749 724 1804 persuadeatur,
766 1748 869 1803 apud
899 1749 1102 1792 Horatium
1132 1750 1280 1793 saxis
1310 1760 1475 1805 quoque
1505 1753 1662 1805 gratum
1690 1750 1800 1801 fieri,
1840 1750 1950 1805 quod
1979 1751 2124 1793 turbati
2154 1751 2271 1792 maris

89 1835 229 1878 spuma
265 1824 511 1875 liberantur,
551 1822 592 1864 G.
634 1822 818 1876 1,12‚29.
883 1822 1037 1865 Eadem
1074 1823 1215 1866 subest
1249 1825 1353 1866 ratio
1392 1823 1567 1878 plurimis
1605 1822 1738 1876 locis,
1776 1824 1888 1865 velut
1927 1824 2053 1867 carm.
2096 1824 2271 1877 1,11‚6.;

90 1895 301 1948 2,16‚17.;
339 1895 519 1948 3,t,10.;
558 1894 710 1948 4,7‚9.;
749 1897 881 1949 Epod.
922 1896 1081 1948 16,55.;
1120 1898 1287 1938 interest
1325 1897 1429 1937 enim
1460 1897 1578 1938 etiam
1609 1898 1870 1939 siccarum
1900 1898 2199 1952 glebarum,
2227 1903 2272 1939 ut

90 1975 310 2013 urantur
340 1970 550 2013 semina.
589 1993 646 2001 —
686 1969 818 2013 Carm.
858 1968 1011 2021 1‚1‚15.
1051 1974 1092 2011 et
1140 1967 1294 2021 1‚3,13.
1334 1981 1429 2012 esse
1466 1969 1623 2012 dativos
1661 1970 1698 2013 is
1737 1970 1868 2014 solum
1896 1972 1987 2014 siue
2016 1969 2270 2013 adiunctione

89 2046 222 2097 potest
258 2042 419 2095 dicere,
451 2042 519 2098 qui
548 2053 707 2085 mecum
737 2053 878 2084 omnes
908 2052 1040 2093 casus),
1070 2052 1174 2095 quos
1203 2053 1279 2096 per
1304 2041 1472 2084 formam
1501 2042 1618 2094 licet,
1659 2042 1815 2086 dativos
1843 2043 2015 2093 habeat3
2044 2055 2135 2085 nam
2162 2044 2269 2086 luc-

90 2117 195 2158 tari
223 2117 477 2171 coniungitur
508 2117 626 2158 etiam
657 2128 751 2158 cum
781 2115 969 2157 ablativo.
999 2137 1056 2146 —

207 2189 392 2232 Ceterum
403 2190 440 2230 N
448 2202 471 2231 a
482 2189 687 2231 uckium
703 2200 827 2243 spero
844 2201 1037 2231 summam
1065 2200 1178 2231 suam
1208 2200 1326 2242 quam
1356 2187 1585 2231 testificatus
1614 2194 1677 2232 est
1704 2183 1992 2243 interpretandi
2020 2191 2200 2245 peritiam
2229 2196 2269 2232 et

92 2262 236 2304 eximia
263 2262 304 2303 in
334 2262 539 2304 Horatium
567 2274 681 2304 suum
711 2262 854 2304 merita
882 2263 934 2303 ita
963 2261 1254 2304 cumulaturum
1283 2272 1397 2310 esse,
1426 2265 1471 2303 ut
1497 2262 1711 2305 maximum
1741 2274 1833 2305 esse
1869 2267 2029 2318 tempus
2055 2264 2267 2316 existimet,

88 2340 133 2379 ut
170 2336 209 2377 in
240 2335 491 2379 scholasticis
530 2336 645 2378 huius
683 2339 830 2390 poetae
859 2334 1098 2378 editionibus
1128 2335 1258 2390 magis
1288 2333 1458 2376 ducatur
1487 2346 1628 2377 eorum
1656 2336 1784 2389 ratio,
1815 2349 1919 2392 quae
1949 2338 2072 2379 critici
2101 2339 2142 2379 in
2170 2350 2267 2391 sus-

85 2408 286 2462 picionem
315 2407 517 2451 adducunt
543 2409 612 2451 vel
640 2410 880 2463 vituperant,
911 2412 951 2449 et
980 2408 1139 2452 desinat
1166 2408 1324 2450 animae
1352 2419 1521 2462 magnae
1551 2408 1744 2465 prodigus
1773 2422 1868 2454 esse
1896 2411 1939 2452 in
1966 2412 2090 2453 rebus
2119 2410 2269 2467 despe-

86 2483 200 2534 ratis,
229 2481 343 2524 velut
369 2481 411 2523 in
438 2482 525 2535 ipso
555 2484 686 2536 primo
715 2483 906 2536 carmine,
936 2483 1174 2535 praesertim
1201 2481 1243 2523 in
1269 2480 1475 2537 farragine
1504 2495 1544 2528 ν.
1573 2481 1780 2535 30-36.;
1812 2497 1916 2539 quae
1945 2484 2127 2528 adversis
2153 2484 2268 2528 fron-

85 2556 193 2599 tibus
222 2567 363 2598 secum
391 2560 582 2610 pugnant.
618 2578 671 2587 —
704 2555 764 2599 Cf.
794 2556 1004 2598 Linker.
1061 2554 1193 2598 Praef.
1221 2553 1283 2598 111.
1312 2578 1368 2585 —

198 2627 273 2671 Rei
289 2627 408 2671 etiam
423 2627 588 2671 maioris
603 2629 846 2672 mentionem
857 2627 1055 2671 inchoabo
1085 2628 1150 2672 ad
1163 2627 1304 2671 Horat.
1334 2626 1462 2673 θαι-ιιι.
1494 2629 1576 2681 1,2.
1598 2652 1655 2663 —
1675 2630 1866 2675 Veritatis
1889 2630 2046 2674 divinae
2066 2634 2219 2675 semina
2241 2645 2265 2675 e

43 2753 45 2755 Ι
84 2700 213 2742 sacris
250 2700 392 2744 litteris
430 2701 482 2743 ad
524 2712 664 2743 omnes
692 2707 969 2754 pervenerunt
996 2707 1144 2756 gentes
1172 2705 1294 2754 atque
1324 2707 1443 2745 enata
1469 2702 1643 2747 fructum
1671 2704 1959 2757 reddiderunt,
1980 2710 2058 2752 «οὓς
2072 2706 2153 2752 laci
2180 2706 2267 2748 tulit
