2360 3024
1015 108 1367 166 *amno-

99 251 248 287 natura.
307 246 395 286 Hoc
424 245 678 286 Horatianum
709 255 873 286 carmen
903 249 965 286 est
994 258 1048 288 ex
1077 259 1128 288 ea
1158 248 1399 289 Graecarum
1429 249 1469 287 et
1497 245 1724 287 Latinarum
1752 242 1968 284 litterarum
1997 247 2109 295 parte
2124 272 2138 293 ‚
2168 255 2273 295 quae

98 317 280 370 profecta
319 321 381 358 est
419 329 443 358 a
484 317 687 366 doctrina,
727 328 829 369 quae
869 320 931 358 est
970 317 1020 358 de
1060 324 1224 371 peccato
1266 324 1308 361 et
1327 318 1599 372 'improbitate
1642 319 1684 358 et
1724 315 1776 357 de
1805 315 1965 357 miseria
1992 314 2190 356 hominum
2232 316 2273 355 in

98 390 261 432 saecula
304 394 514 433 crescente
546 393 587 430 et
615 390 926 445 ingravescente
957 395 998 432 et
1028 390 1076 432 de
1106 392 1303 435 moestitia
1332 390 1513 445 perditae
1542 388 1795 431 beatitudinis
1826 388 2044 443 salutisque
2069 386 2273 430 desiderio

106 468 144 502 et
179 463 231 503 de
257 464 487 516 expiatione
513 474 751 516 poenaeque
777 464 937 503 meritae
959 465 1193 506 remissione
1222 465 1304 517 (Cf.
1333 475 1438 517 quae
1469 462 1517 503 ad
1546 462 1655 503 Iliadv
1679 461 1816 513 16,99.
1845 474 1936 516 pag.
1959 460 2022 503 12.
2053 459 2276 514 annotavi).

97 536 156 575 De
199 537 343 589 quibus
384 537 507 576 rebus
546 537 597 575 ita
635 535 775 591 Deus
816 547 890 575 nos
931 536 1117 587 edocuit,
1168 544 1210 579 ut
1249 538 1404 577 divinae
1456 536 1631 577 iustitiae
1672 539 1715 575 et
1749 535 1944 575 sanctitati
1983 545 2064 575 non
2105 535 2154 574 ab
2193 534 2273 574 ullo

98 608 256 650 homine
300 619 422 661 posse
452 608 638 650 satisfieri
670 607 906 659 credamus,
936 609 1008 650 sed
1038 622 1059 650 a
1089 623 1240 652 summo
1271 610 1433 651 numine
1462 610 1551 663 ipso
1582 608 1752 649 humana
1780 607 1916 661 specie
1944 607 2098 659 induto,
2128 607 2196 660 qui
2223 606 2276 648 sit

97 682 320 723 Messias
350 682 437 722 sive
464 682 603 722 Deus
632 681 817 722 Filius.
874 682 984 723 Hanc
998 695 1201 725 sacrorum
1218 685 1451 737 scriptorum
1479 681 1761 736 cogitationem
1777 685 1818 721 et
1840 681 2084 722 voluntatem
2110 680 2275 733 carptim

99 759 140 795 et
179 756 350 796 obscure
394 756 586 809 perlatam
614 756 667 796 ita
709 755 849 796 Graeci
888 761 927 796 et
965 757 1131 798 Romani
1161 763 1251 798 sunt
1279 757 1546 809 interpretati,
1576 760 1644 806 ut,
1674 766 1780 808 quae
1810 755 1862 795 ad
1891 758 2059 796 cunctos
2086 753 2275 795 mortales

99 840 322 883 eorumque
352 828 618 870 conditionem
647 834 896 883 spectarent,
926 831 965 871 in
996 842 1043 872 se
1072 843 1245 886 suasque
1276 843 1346 873 res
1376 830 1592 872 traherent.
1651 828 1714 871 Sic
1743 828 1863 883 igitur
1892 826 2067 871 Adamus
2095 827 2137 869 fit
2165 826 2273 868 Lao-

97 901 267 952 medon,
309 903 376 955 qui
416 901 598 943 delictum
639 902 794 945 admisit
823 904 862 943 in
892 902 1114 956 Apollinem
1145 909 1184 945 et
1214 905 1436 957 Neptunum
1447 918 1461 954 ;
1503 903 1568 944 vel
1598 914 1620 943 a
1653 902 1843 953 Romulo,
1895 902 1986 956 qui,
2035 905 2079 943 ut
2115 900 2274 950 Cainus‚

97 986 256 1017 manum
294 974 471 1017 fraterno
501 975 694 1029 sanguiue
727 978 969 1027 cruentavit,
999 977 1067 1017 vel
1095 989 1117 1017 a
1147 977 1329 1019 Caesaris
1359 988 1461 1018 nece
1492 976 1646 1030 peccati
1675 974 1822 1017 ducunt
1852 974 2069 1029 originem
2098 974 2275 1016 universi

98 1052 226 1088 autem
248 1049 413 1103 generis
437 1048 597 1089 humani
621 1050 865 1102 perversitas
889 1054 929 1090 et
949 1049 1123 1103 nequitia
1142 1051 1235 1093 inde
1258 1054 1473 1091 consecuta
1492 1054 1531 1089 et
1544 1049 1729 1090 divinitus
1743 1048 1855 1089 malis
1869 1048 2001 1102 punita
2016 1047 2078 1087 his
2091 1047 2274 1100 gentibus

98 1125 190 1161 suut
217 1121 319 1160 bella
348 1121 490 1170 civilia,
521 1122 658 1162 clades
689 1127 729 1162 et
758 1123 868 1162 ruina
898 1123 1157 1176 reipublicae,
1186 1106 1321 1165 mores
1351 1125 1478 1178 magis
1495 1124 1704 1177 magisque
1721 1122 1830 1174 lapsi.
1888 1121 1937 1161 Et
1948 1119 2274 1173 quemadmodum

97 1206 172 1245 per
184 1195 445 1246 expiatricem
474 1195 514 1235 M
527 1208 550 1235 e
563 1208 582 1235 s
595 1197 705 1236 siae
721 1197 879 1236 mortali
900 1201 1023 1236 matre
1044 1198 1121 1236 nati
1145 1198 1393 1237 clementiam
1411 1197 1637 1236 innocentia
1650 1196 1811 1248 generis
1825 1194 1983 1234 humani
1997 1198 2037 1233 et
2051 1197 2217 1234 naturae
2234 1197 2275 1231 et

97 1267 215 1309 beata
265 1269 417 1309 aeterni
460 1269 634 1321 paradisi
677 1270 755 1310 vita
794 1270 1019 1311 restituitur
1057 1274 1097 1310 et
1135 1282 1303 1324 regnum
1343 1270 1430 1311 eius
1470 1273 1533 1311 est
1572 1269 1879 1322 potentissimum
1920 1266 2272 1321 plenissimumque

100 1341 259 1382 divinae
275 1341 497 1395 voluptatis,
526 1344 583 1383 ita
610 1346 652 1383 ut
681 1354 786 1384 nova
816 1348 926 1384 terra
954 1355 1182 1397 novumque
1197 1343 1355 1385 coelum
1386 1347 1566 1383 creetur:
1599 1343 1657 1383 sic
1686 1354 1762 1395 per
1777 1340 2020 1382 Mercurium
2050 1338 2272 1393 paciferum

99 1419 139 1455 et
167 1417 321 1470 gratiae
351 1416 718 1467 reconciliatorem,
751 1417 817 1471 qui
847 1418 921 1458 sub
936 1417 1110 1473 Augusti
1125 1418 1300 1473 imagine
1315 1415 1599 1470 rempublicam
1630 1414 1875 1466 moderatur,
1907 1413 1973 1456 vel
2001 1425 2075 1468 per
2103 1424 2272 1467 puerum

97 1489 272 1544 aliquem
312 1490 520 1532 salutarem
560 1490 751 1531 maiorum
792 1491 917 1533 virtus
958 1496 999 1533 et
1036 1492 1243 1546 integritas
1281 1495 1322 1533 et
1352 1490 1474 1531 Latini
1506 1490 1674 1531 nominis
1703 1489 1834 1530 honos
1866 1501 1912 1530 ac
1941 1486 2136 1542 splendor
2166 1486 2271 1528 redit

99 1566 141 1602 et
167 1562 331 1603 Romani
361 1562 599 1605 faustissimo
631 1568 754 1604 totum
784 1565 923 1605 orbem
955 1568 1092 1606 teuent
1122 1565 1310 1618 imperio,
1346 1565 1400 1605 ita
1431 1568 1473 1605 ut
1503 1576 1626 1604 aurea
1656 1567 1767 1604 aetas
1798 1562 1850 1603 de
1879 1564 2038 1616 integro
2067 1562 2271 1601 instaure-

95 1640 162 1676 tur
191 1641 231 1675 et
259 1649 363 1689 gens
394 1637 562 1677 humana
592 1649 645 1677 ex
675 1638 868 1677 aethereo
899 1639 1054 1678 semine
1083 1643 1317 1679 renovetur.

212 1708 270 1751 Cf.
300 1710 386 1751 Jes.
416 1709 601 1763 Prophet.
633 1708 742 1760 7‚14.
773 1710 942 1761 9‚6—7.
978 1711 1199 1762 11,1-10.
1242 1733 1294 1741 -
1336 1710 1473 1752 Itidem
1515 1710 1617 1764 apud
1657 1709 1794 1762 Virgil.
1834 1708 1984 1762 Georg.
2020 1705 2272 1758 1‚129—31.

97 1786 311 1835 serpentes
342 1794 463 1822 aurea
493 1787 624 1822 aetate
654 1794 734 1822 non
775 1788 889 1823 erant
923 1789 1148 1825 venenatae
1188 1795 1317 1838 neque
1357 1784 1536 1824 homines
1573 1783 1764 1822 carebant
1802 1783 1922 1835 igne;
1961 1782 2041 1820 hoc
2069 1779 2271 1820 Hesiodus

97 1866 261 1909 quoque
292 1860 472 1906 testatur,
504 1868 620 1908 quem
651 1861 811 1897 secutus
841 1856 937 1908 (Op.
968 1856 1229 1904 202-382.)
1288 1858 1477 1910 Virgilius
1509 1856 1656 1909 Georg.
1690 1854 1830 1905 1,133.
1860 1867 1951 1908 sqq.
1980 1855 2161 1907 scripsit3
2191 1852 2270 1894 vid.

95 1926 318 1971 Preller.
359 1928 524 1982 Mythol.
566 1928 632 1971 Gr.
674 1927 807 1980 1‚61.‚
848 1928 993 1982 Odyss.
1036 1928 1252 1980 1,32-4.,
1289 1928 1442 1970 Pindar.
1474 1928 1605 1983 Olym.
1636 1928 1701 1977 2..
1731 1927 1928 1982 Aeschyl.
1959 1927 2101 1982 Agam.
2135 1925 2274 1968 160-

97 2000 195 2041 254.
235 2000 474 2044 355-488.
516 2001 726 2043 944-53.
768 2001 977 2044 1485-8.
1019 2001 1249 2054 1560-6.,
1288 2001 1410 2056 Soph.
1447 2002 1586 2056 Antig.
1628 1999 1858 2054 332-75„
1906 2001 2005 2042 Plat.
2035 1999 2128 2043 Alc.
2157 1999 2203 2040 ll.
2234 2012 2271 2053 p.

96 2075 206 2125 454„
235 2075 421 2117 Juvenal.
453 2075 733 2126 1o,149—50.

209 2148 310 2201 (Sed
339 2149 474 2190 Horat.
506 2149 630 2191 Carm.
662 2149 957 2200 3‚18‚13—16.
997 2148 1375 2204 sane'jperridicule
1405 2154 1497 2191 sunt
1527 2150 1750 2202 supposita3
1793 2149 1844 2189 cf.
1884 2147 2065 2202 Grupp.
2104 2147 2196 2187 Min.
2237 2160 2272 2198 p.

97 2221 178 2274 54„
210 2220 292 2273 7¹„
323 2221 405 2274 96.,
436 2222 546 2274 113„
574 2221 696 2277 142.)

209 2294 327 2338 Adde
357 2295 479 2351 Epist.
511 2296 552 2339 2.
579 2297 684 2339 Petr.
715 2295 838 2348 3‚13.,
873 2299 908 2339 1.
937 2297 1038 2340 Mos.
1068 2296 1332 2349 8,21.‚Pau11.
1347 2296 1470 2350 Epist.
1487 2297 1537 2339 ad
1552 2295 1678 2347 Rom„
1700 2295 1735 2339 1.
1765 2293 1808 2337 2.
1839 2294 1877 2338 3,
1907 2292 2020 2346 8,22.
2051 2298 2091 2335 et
2120 2291 2273 2335 confer.

96 2368 255 2410 Hesiod.
288 2369 361 2424 Op.
381 2368 628 2421 174—201„
660 2371 771 2413 Hom.
785 2370 892 2414 Iliad.
908 2369 1178 2423 17,446-7.‚
1211 2370 1468 2425 19,90.sqq.‚
1501 2369 1646 2425 Odyss.
1679 2365 1946 2421 18,130—6.,
1975 2366 2169 2422 Aeschyl.
2195 2366 2276 2420 Ag.

97 2442 321 2494 551—71.,
350 2441 577 2495 783—98„
605 2443 830 2496 832—40.‚
858 2444 1056 2495 884—5.‚
1085 2443 1210 2498 Soph.
1239 2444 1287 2484 A.
1324 2445 1530 2495 552—6.,
1562 2444 1598 2484 N
1607 2443 1847 2498 aegelsb.
1878 2441 2007 2481 Theol
2040 2440 2275 2481 Hom.Sect.

95 2516 158 2565 4.,
199 2517 239 2556 6.
266 2522 307 2557 et
336 2516 390 2567 7.,
420 2518 486 2558 Br.
527 2517 669 2561 Gnom.
698 2531 741 2571 p.
774 2518 867 2562 128.
897 2518 1102 2568 Simonid.‚
1132 2518 1224 2559 ibid.
1256 2519 1438 2573 Theogn.
1468 2532 1507 2572 p.
1538 2518 1605 2560 34.
1635 2531 1676 2558 v.
1703 2516 1817 2567 421„
1865 2528 1953 2568 sqq.
1963 2545 1977 2566 ‚
2022 2515 2141 2567 Sopb.
2172 2513 2275 2554 Oed.

97 2587 182 2631 Col.
221 2589 460 2636 1211-48.
496 2589 598 2645 (vid.
629 2591 771 2647 Progr.
804 2591 973 2636 Crucen.
1016 2590 1137 2635 1855.
1173 2603 1265 2648 pag.
1309 2591 1379 2635 44.
1424 2596 1466 2634 et
1507 2593 1698 2635 Anton.
1730 2589 1947 2634 Goebel.
1977 2590 2018 2630 in
2046 2586 2277 2630 Mutzell.

97 2661 366 2705 commentar.
394 2663 499 2705 Nov.
529 2663 651 2706 1858.
681 2676 775 2720 pag.
805 2664 918 2716 810„
948 2667 1017 2720 qui
1046 2664 1252 2720 praeclare
1282 2665 1441 2707 disserit
1481 2665 1532 2706 de
1572 2665 1775 2707 adiectivo
1816 2667 1994 2716 μέρωψ,
2036 2661 2146 2714 quod
2185 2672 2278 2701 cum

97 2736 318 2778 nominibus
358 2735 528 2791 ὄϊζυρός
558 2742 599 2779 et
639 2738 780 2785 δειλός
822 2744 1023 2792 comparat
1051 2751 1098 2780 ac
1127 2739 1417 2781 sollicitum
1448 2743 1489 2779 et
1516 2741 1645 2792 ipsum
1676 2737 1856 2780 converti
1884 2734 2015 2786 vult),
2055 2733 2280 2774 Ackerm.
