2360 3024
993 127 1355 184 „nm-u·-

77 267 178 308 riter
215 265 398 316 corporis
433 268 552 317 atque
591 263 707 305 animi
745 263 922 314 firmitas,
967 277 1044 317 qua
1081 276 1163 305 non
1205 265 1334 318 magis
1370 264 1420 305 ad
1458 264 1754 314 abstinendum,
1790 276 1908 317 quam
1949 263 2000 306 ad
2039 263 2254 305 fruendum

78 338 198 381 fuerit
235 337 481 392 aptissimus3
509 347 676 389 prorsus
707 337 811 378 enim
842 349 922 379 non
957 337 1079 390 potuit
1116 337 1319 387 inebriari,
1372 334 1540 378 ὁπόσον
1570 333 1627 377 ἄν
1670 333 1851 393 κελεύσῃ
1881 350 1958 388 τις,
1985 333 2166 386 ἐκπιών.
2200 359 2251 388 .-

191 414 254 454 De
293 412 531 465 probatione
568 410 800 453 Alcibiades
852 411 1060 453 verissime
1108 412 1328 465 praedixit:
1380 411 1433 453 cf.
1474 424 1568 466 pag.
1608 410 1705 453 223.
1746 411 1791 452 C.
1833 416 1875 453 et
1916 412 1962 452 D.
1995 432 2047 442 —-
2091 411 2175 452 Sed
2212 412 2253 452 in

78 485 215 538 Lyceo
255 484 444 526 Socrates
492 496 576 525 non
617 483 745 525 solum
780 483 1055 526 confabulatus
1090 488 1172 536 est,
1212 498 1352 527 verum
1391 485 1511 527 etiam
1551 496 1698 538 corpus
1739 485 1934 527 exercuit.
2007 483 2067 526 cf.
2112 484 2255 525 Wolf.

76 571 168 614 pag.
204 556 378 601 LXXIV.
416 568 502 612 cap.
531 554 715 598 XXXIX.
774 555 847 599 Cui
887 556 1048 613 quidem
1087 558 1146 599 rei
1187 560 1249 602 vir
1290 558 1467 613 apprime
1506 557 1670 599 rationis
1697 558 1900 611 particeps
1929 561 2008 598 tum
2038 556 2254 612 praecipue

79 644 250 686 operam
302 631 425 672 debet
474 629 606 671 videri
654 630 838 681 dedisse,
885 631 953 685 qui
993 634 1114 672 totam
1154 636 1314 673 noctem
1356 630 1530 685 potando
1577 635 1618 672 ct
1657 630 1967 673 sermocinando
2009 631 2255 671 contriverit.

80 704 267 756 „Pulchri
301 708 540 744 sermones⁴⁶
592 714 698 742 nunc
748 704 909 756 quidem
947 703 1162 759 paullisper
1214 704 1304 744 hinc
1342 716 1388 743 se
1428 705 1659 745 amoveant!
1703 726 1756 734 —
1796 704 1989 744 Nimirum
2033 716 2080 743 ea
2128 704 2251 755 vulgo

77 776 233 820 videtur
261 776 387 818 fuisse
417 776 591 818 Socratis
620 775 758 817 natalis
788 776 900 828 hora,
931 789 1036 831 quae
1066 777 1305 819 Manethone
1335 776 1469 819 iudice
1496 776 1660 832 Apotel.
1691 776 1851 829 6,394.:

417 842 544 888 ἔνδον
574 847 864 901 ἐφεζομένους
893 849 1067 890 παιδῶν
1096 847 1304 905 ἡγήτορας
1333 849 1461 904 ἔρδοι.
1489 872 1543 880 -

188 922 513 963 Praeclarissime
544 921 596 962 de
625 922 800 963 Socratis
829 923 974 963 virtute
1005 925 1089 977 egit
1115 923 1375 978 Hegelius
1413 924 1454 964 in
1490 923 1613 965 Hist.
1652 923 1832 964 Philos.
1874 923 1920 973 2,
1956 936 1994 976 p.
2026 924 2181 963 55—6.
2213 929 2254 964 et

74 997 114 1037 in
143 994 323 1038 Philos.
352 994 497 1037 Histo
508 1005 542 1036 r.
572 1006 610 1047 p.
639 992 737 1035 328.
773 1017 820 1024 —
852 994 1060 1050 Reliquum
1088 999 1166 1047 est,
1195 1000 1240 1039 ut
1269 996 1477 1039 Socratem
1505 995 1750 1037 memorabili
1777 995 1845 1037 illo
1876 995 1942 1038 die
1963 1007 2088 1041 mane
2118 996 2252 1038 veris-

74 1070 171 1111 sime
209 1068 261 1110 de
297 1070 414 1123 poesi
454 1068 610 1123 tragica
652 1073 692 1108 et
728 1069 881 1110 comica
920 1069 1126 1111 censuisse
1171 1069 1480 1121 contendamus3
1522 1070 1631 1123 quod
1673 1071 1862 1124 imprimis
1901 1070 2252 1123 Shaltspearius

75 1155 167 1186 eum
207 1144 355 1197 poterit
399 1142 574 1193 docere,
621 1142 685 1183 cui
728 1153 811 1184 non
856 1154 909 1184 ex
948 1143 1036 1197 ipsa
1074 1155 1121 1184 re
1166 1143 1269 1185 haec
1298 1143 1497 1186 sententia
1525 1143 1710 1185 videatur
1737 1154 1831 1185 esse
1862 1144 2105 1197 argumentis
2135 1155 2251 1184 com-

72 1218 252 1272 probata.
281 1239 337 1248 ·-

623 1326 827 1405 Odyss.
870 1326 997 1390 Lib.
1039 1326 1220 1390 XVII.
1301 1345 1358 1391 v.
1399 1331 1705 1391 342—44.:

418 1459 669 1515 Τηλέμαχος
699 1458 738 1499 δ’
768 1459 843 1500 ἐπὶ
874 1452 921 1500 οἴ
942 1458 1125 1506 καλέσας
1154 1463 1389 1514 προσέειπε
1419 1457 1629 1515 συβώτην,

411 1531 543 1587 ἄρτον
572 1532 609 1573 τ’
638 1525 772 1574 οὖλον
803 1532 911 1573 ἑλών
942 1531 1217 1586 περικαλλέος
1247 1533 1293 1572 ἐκ
1321 1538 1492 1573 κανέοιο

411 1608 483 1647 καὶ
512 1611 651 1662 κρέας,
683 1603 737 1654 ὥς
768 1606 810 1646 οἱ
838 1608 974 1660 χεῖρες
1002 1603 1245 1658 ἐχάνδανον
1274 1604 1621 1660 α’μφιβαλόντι·.)

183 1682 375 1734 Repone:
410 1686 534 1732 κρέας
569 1681 659 1729 (vel
694 1693 784 1721 cum
815 1681 899 1721 aliis
927 1682 1070 1732 κρέα),
1102 1675 1197 1720 ‘0⁷60'
1226 1679 1270 1719 οἷ
1297 1682 1432 1732 χεῖρες
1463 1702 1518 1711 -
1552 1710 1561 1719 .
1589 1678 1852 1731 Ἐχάνδανον
1883 1685 1924 1720 et
1952 1678 2249 1733 ἀμφιβαλόντι

68 1758 269 1811 pertinent
297 1754 348 1798 ad
376 1754 507 1799 solum
536 1767 753 1797 numerum.
786 1778 834 1786 —
869 1752 986 1797 Vers.
1017 1750 1112 1798 223.
1142 1751 1402 1797 Ameisius
1431 1766 1569 1797 verum
1599 1750 1694 1795 vidit
1721 1753 1760 1795 in
1792 1752 2044 1797 annotatione
2053 1768 2067 1805 3
2097 1750 2173 1796 τόν
2203 1770 2249 1795 κε

67 1830 266 1876 deformat
295 1828 487 1874 orationis
515 1827 699 1872 nitorem.
728 1848 784 1860 —

638 1949 845 2029 Odyss.
888 1950 1012 2014 Lib.
1054 1949 1234 2018 XVII,
1316 1968 1372 2013 v.
1414 1954 1674 2015 485—-6.:

407 2070 483 2107 καί
508 2080 556 2106 τε
583 2065 687 2106 θεοῖ
718 2067 920 2115 ξείνοισιν
950 2063 1137 2114 ἐοικότες
1166 2062 1495 2117 ἀλλοδαποῖσιν,

406 2141 611 2180 παντοῖοι
639 2137 907 2190 τελέθοντες,
939 2138 1245 2193 ἐπιστρωφῶσι
1275 2138 1461 2192 πόληας,
1461 2142 1486 2188 )

176 2216 365 2269 Repone:
395 2214 466 2255 καὶ
496 2214 569 2265 δὲ,
607 2214 696 2256 vel:
727 2213 800 2253 καὶ
830 2211 906 2266 γοέρ
936 2212 1050 2254 θεοὶ.
1109 2212 1167 2256 cf.
1198 2213 1584 2268 Naegelsbach.
1613 2213 1766 2255 Annot.
1797 2213 1847 2254 ad
1876 2212 1987 2257 Iliad.
2017 2213 2100 2256 Lib.
2135 2214 2171 2255 1.
2204 2229 2240 2256 v.

62 2288 160 2334 521.
191 2294 231 2331 et
259 2288 346 2330 Lib.
375 2287 422 2339 3,
450 2302 490 2329 v.
517 2286 630 2339 235„
662 2292 704 2330 et
733 2286 927 2342 Spitzn.
984 2287 1045 2330 De
1075 2286 1187 2331 Vers.
1218 2286 1311 2331 Her.
1341 2301 1381 2341 p.
1414 2286 1510 2330 186.
1541 2311 1596 2318 —-
1627 2286 1726 2330 Cum
1757 2285 1993 2331 Germanica
2023 2287 2083 2330 da
2112 2288 2241 2343 parti-

62 2363 153 2405 cula
181 2363 235 2405 nil
264 2366 328 2405 est
356 2361 417 2402 rei
446 2362 612 2403 voculae
641 2376 711 2412 τε,-
743 2361 803 2403 da
833 2365 894 2404 est
922 2358 978 2417 δή
1008 2361 1162 2418 origine
1193 2365 1236 2403 et
1263 2372 1388 2416 saepe
1420 2361 1470 2413 vi,
1501 2360 1609 2403 velut
1643 2359 1893 2413 11,428-9.
1925 2359 1984 2402 Cf.
2013 2373 2053 2415 p.
2083 2361 2150 2403 26.
2186 2383 2239 2391 —

690 2467 897 2547 Odyss.
939 2467 1061 2530 Lib.
1101 2465 1285 2530 XVII.
1366 2484 1424 2530 v.
1467 2471 1619 2531 586.:

397 2581 511 2637 „ov'x
540 2577 691 2637 ἄφρων
721 2581 746 2625 ό
777 2585 916 2633 ξεῖνος
945 2579 1096 2633 ὅίεται,
1129 2577 1175 2630 ὅς
1204 2595 1288 2637 περ
1316 2577 1372 2622 ἄν
1401 2579 1502 2638 εἴῃ·)

170 2659 362 2713 Repone:
393 2653 442 2707 ὃς
471 2671 535 2707 τις
565 2653 623 2698 ἂν
660 2657 747 2714 εἴῃ,·
777 2670 867 2700 nam
898 2651 953 2706 ὥς
982 2670 1066 2712 περ
1095 2654 1150 2699 ἄν
1181 2656 1246 2712 εἴη
1275 2656 1370 2699 nibil
1389 2660 1452 2699 est
1473 2661 1514 2699 et
1536 2655 1713 2710 19,312.,
1744 2653 1913 2708 21,212.
1930 2659 1971 2699 et
1986 2654 2236 2710 uiad.1,21¹.

52 2733 257 2777 sententia
287 2733 456 2777 maxime
485 2731 660 2774 diversa.
691 2754 745 2761 -
