2360 3024
1005 121 1366 178 -οοοδθοοο-

199 257 293 312 Pag.
314 256 410 299 173.
431 258 478 300 D.
497 259 683 312 Sympos.
697 259 803 300 venit
822 259 918 300 mibi
928 259 967 299 in
980 263 1153 300 mentem
1171 259 1510 310 Theocr.15,10.‚
1532 258 1601 299 ubi
1617 256 1788 309 ἕτοιμος
1802 256 1961 300 videtur
1973 270 2068 302 esse
2080 259 2265 302 scriben-

86 332 178 373 dum
209 331 283 384 (of.
302 330 537 374 Aranll5.
560 332 748 381 unuh„
779 331 884 373 Xen.
914 331 1133 374 comment.
1161 332 1334 382 4‚5,¹2.,
1364 331 1521 385 Steph.
1550 330 1671 372 Thes.
1698 342 1732 374 s.
1760 343 1800 373 v.
1830 328 1935 385 ἔτ.);
1963 343 2053 374 nam
2073 336 2114 373 et
2144 331 2266 374 'l'lme-

87 404 230 446 dictum
259 403 370 456 2,89.
412 404 476 445 fin.
507 403 621 460 aliter
650 407 919 459 comparatum
963 407 1003 445 et
1028 403 1211 449 ,Hesiod.
1242 403 1317 460 Op.
1352 403 1443 446 114.
1471 423 1528 434 --
1564 423 1608 432 —
1640 401 1799 458 Fragm.
1843 400 2083 445 CLXXXVI.
2126 402 2264 459 (209.)

83 477 450 532 Goettlgingius
490 481 604 518 oorte
633 481 701 518 aut
730 476 1089 518 Gaisi'ordiuiu
1125 481 1194 517 aut
1229 477 1547 518 Boeokbium
1581 476 1699 531 sequi
1732 475 1924 526 debebat;
1963 488 2047 532 ego
2076 489 2259 531 repono:

87 547 133 596 ὃς
162 547 231 605 δή.
261 571 317 579 -

197 623 293 678 Peg.
328 623 423 665 185.
453 622 498 663 E.
528 623 711 677 Sympos.
741 627 971 676 corruptum
1001 634 1152 664 censeo
1170 621 1406 675 ἀναλαβών
1421 627 1462 662 et
1476 619 1588 662 ἄλλά
1601 619 1750 674 λαβών
1762 621 2031 665 scribendum.
2060 621 2265 678 Κινήοαις

83 699 166 738 noli
195 699 429 751 impugnare
439 711 453 746 ς
490 697 624 737 κινεῖν
654 698 758 736 enim
789 702 865 745 est,
894 701 938 737 ut
967 697 1194 738 Latinorum
1224 709 1459 745 movere,
1487 695 1613 746 idem,
1648 694 1755 748 quod
1791 695 2063 748 excitare,
2096 697 2265 741 lacea-

83 783 168 811 ser
181 783 220 812 e.
266 792 322 801 —-
362 769 460 823 Pag.
497 768 593 813 199.
626 768 670 810 Β.
706 769 766 810 sio
809 769 1047 822 explicanda
1083 769 1281 820 videntur,
1319 771 1354 811 si
1397 766 1532 810 ὁποία
1574 764 1671 809 δ’ἄν
1713 780 1811 811 sana
1853 771 1965 821 sunt,
2000 773 2045 812 ut
2083 766 2264 826 τοιαύτῃ

82 842 134 885 ad
168 839 309 882 εἰπεῖν
337 838 430 881 κατ’
459 838 653 894 ἐμαυτόν
690 845 732 882 et
771 840 819 881 ad
849 839 1050 882 τοιούτου
1088 838 1218 896 λόγου
1255 864 1310 871 -
1350 839 1525 897 τάληθῆ
1560 838 1771 895 λεγόμενα
1807 839 2021 893 referatur,
2060 846 2264 897 postrema

81 919 213 956 autem
249 914 374 955 verba
405 914 510 955 dicta
540 915 619 955 sint
648 928 721 966 pro
753 926 818 963 eo,
851 915 959 967 quod
991 920 1071 957 est:
1106 912 1287 969 τοιαύτῃ
1315 913 1365 955 δὲ
1393 915 1539 964 (θέσει
1572 911 1815 969 ῥημάτων),
1836 912 1975 956 ὁποία
1994 910 2051 956 ἄν
2071 928 2135 962 τις
2153 912 2263 970 τύχῃ

81 984 349 1029 ἐπελθοῦσα.
389 1011 445 1018 -
486 986 582 1041 Peg.
619 986 716 1028 203.
748 987 790 1027 Β.
828 988 973 1028 verba:
1009 979 1122 1034 οἶνος
1161 985 1240 1042 γοέρ
1276 981 1401 1028 οὔπω
1440 978 1494 1042 ἦν
1529 987 1713 1042 nugatori
1751 986 1868 1028 alicui
1895 991 1992 1041 puto
2021 986 2176 1030 deberi.
2206 1010 2262 1019 —

79 1061 179 1116 Peg.
205 1059 304 1102 205.
345 1060 390 1100 D.
430 1071 607 1113 repone:
646 1058 907 1106 δολιώτατος
945 1060 1069 1112 ἔρως,·
1103 1071 1279 1112 sequens
1315 1060 1418 1114 ἔρως
1456 1061 1611 1101 creavit
1648 1071 1845 1101 errorem.
1875 1082 1929 1090 —
1961 1061 2061 1114 Peg·
2091 1060 2189 1103 2oe·
2217 1061 2261 1102 Ε.

81 1133 209 1175 verba
239 1144 401 1185 quoque
431 1130 511 1186 (os.
541 1131 727 1174 Stallb.
759 1130 848 1185 D.):

422 1202 494 1254 εἰς
522 1202 612 1246 τόν
640 1205 824 1246 ἔπειτα
853 1202 1037 1259 χρόνον
1067 1201 1239 1246 πάντα
1268 1200 1625 1258 ποριζόμενοι,
1655 1226 1708 1235 -
1727 1234 1739 1257 ,

82 1285 174 1322 sunt
201 1283 454 1333 pentameter
463 1292 477 1327 ,-
520 1282 561 1318 et
590 1277 764 1319 fortasse
794 1279 911 1319 etiam
942 1279 1043 1319 haec
1074 1276 1187 1330 (D.):
1217 1275 1412 1318 α’θοίνατ.
1441 1299 1497 1307 -
1526 1277 1728 1328 ἔσεσθαι,
1762 1277 1926 1319 suerunt
1954 1278 2193 1320 hexameter
2220 1280 2262 1320 in

81 1355 186 1393 hunc
214 1352 375 1394 modum
403 1352 672 1405 compositus.

420 1420 654 1465 ἀθάνατον
683 1420 862 1480 μνήμην
891 1420 1044 1480 ἀρετῆς
1073 1419 1219 1465 αὑτῶν
1247 1438 1331 1479 περ
1359 1423 1557 1476 ἔσεσθαι,
1588 1446 1643 1455 --
1671 1454 1685 1475 ‚

420 1497 509 1541 vel:
539 1495 694 1551 ἀρετῆς
722 1497 936 1538 ἔσσεσθαι
964 1494 1143 1537 ἑαυτόν.
1174 1517 1229 1529 —

195 1570 254 1613 cf.
296 1570 348 1612 de
388 1571 465 1612 hac
500 1583 547 1611 re
586 1569 804 1610 Dorvill.
835 1569 882 1608 ad
920 1568 1067 1610 Charit.
1103 1568 1187 1611 Lib:
1217 1569 1280 1611 lV.
1310 1568 1355 1610 G.
1387 1569 1424 1612 1.
1454 1569 1496 1612 Ρ.
1523 1568 1593 1611 86.
1623 1569 1673 1611 V.
1701 1563 1888 1624 13.'pag.
1916 1568 2014 1614 421.
2043 1570 2109 1612 ed.
2139 1569 2259 1624 Lips.‚

80 1646 147 1698 qui
175 1643 302 1686 Paulli
331 1643 474 1685 dictum
505 1643 646 1685 Actor.
676 1654 760 1695 cap.
791 1641 900 1689 235.
931 1640 1128 1685 afferens:
1872 1645 1875 1647 ’

410 1712 621 1770 ’Ἄρχοντα
647 1713 732 1756 τοῦ
757 1712 869 1755 λαοῦ
898 1712 980 1756 σοῦ
1008 1710 1086 1757 οὐκ
1113 1714 1222 1767 ἐρεῖς
1249 1714 1401 1765 κακῶς,
1439 1736 1496 1744 -
1522 1744 1539 1767 ‚

78 1791 377 1841 ‚,commode“,
418 1791 493 1840 ait,
531 1789 692 1839 „locum
724 1789 903 1829 habuerit
931 1789 1037 1830 inter
1065 1789 1222 1830 ethicos
1250 1789 1436 1831 iambos“
1445 1801 1459 1838 3
1488 1787 1563 1831 sed
1595 1793 1765 1831 metrum
1794 1788 1963 1831 haerere
1992 1802 2074 1831 non
2104 1789 2259 1832 videtur

79 1864 277 1914 sensisse3
308 1864 371 1905 cui
402 1862 553 1904 mederi
583 1866 698 1916 potes
728 1860 813 1904 σοῦ
839 1860 874 1915 y’
903 1861 1128 1904 scribendo.
1158 1885 1213 1892 —
1242 1860 1512 1905 Attendentes
1542 1861 1595 1903 ad
1624 1861 1729 1903 hane
1759 1874 1844 1904 rem
1874 1874 2078 1905 numerum
2108 1874 2257 1917 reper-

80 1941 207 1978 torum
238 1937 517 1991 exemplorum
547 1948 626 1976 non
658 1935 761 1976 adeo
794 1935 1002 1976 difficulter
1031 1947 1188 1989 augere
1218 1947 1446 1988 possumus,
1475 1935 1585 1977 velut
1613 1935 1694 1976 hoo
1723 1935 1910 1977 Liviano:

424 2009 692 2050 Romanum
725 2008 868 2049 sucta
898 2012 1001 2058 est,
1029 2007 1307 2060 iussisque
1336 2006 1552 2050 tradere
1579 2007 1788 2060 noxios,
1820 2022 1914 2058 -5

78 2082 166 2124 libr.
195 2081 334 2133 33,30.
364 2082 415 2133 [ς
444 2081 622 2125 similiter
650 2081 839 2135 Virgilius
870 2082 1005 2135 posuit
1032 2081 1212 2122 omnia.
1243 2103 1297 2112 —

192 2154 271 2197 Sed
302 2155 474 2198 Tacitum
505 2156 674 2198 heroico
703 2155 852 2209 impetu
882 2154 1059 2197 Annales
1090 2167 1185 2197 esse
1216 2154 1462 2209 auspicatum
1490 2165 1574 2198 nou
1603 2154 1750 2198 credo:

415 2228 602 2273 Urbem
632 2227 839 2272 Romam
869 2241 891 2271 a
921 2227 1192 2285 principio
1221 2238 1380 2284 reges
1411 2227 1657 2273 habuere.
1686 2238 1776 2285 -3

76 2315 170 2345 nam
200 2303 279 2344 hoo
310 2307 433 2344 totum
463 2303 670 2345 exordium
699 2314 830 2357 usque
861 2303 911 2344 ad
926 2303 1074 2344 verba:
1104 2304 1329 2357 aceepit.
1359 2303 1478 2354 Sed,
1507 2304 1738 2357 particulam
1767 2303 2063 2358 interpolationi
2082 2305 2257 2347 libenter

74 2377 382 2426 inservientem,
421 2378 709 2430 supposititium
746 2389 840 2417 esse
880 2389 1045 2418 censeo.
1110 2377 1285 2417 Primum>
1316 2378 1421 2417 enim
1461 2376 1602 2418 eadem
1638 2389 1709 2418 res
1747 2381 1811 2419 eet
1838 2378 2092 2419 brevioribus
2120 2378 2258 2430 spatiis

74 2451 136 2492 bis
177 2449 310 2499 dicta;
339 2461 430 2489 nam
459 2451 678 2501 sententia,
710 2462 813 2505 quae
841 2449 947 2491 inest
975 2450 1012 2490 in
1042 2450 1198 2492 verbis:
1229 2449 1412 2502 Lepidi
1442 2472 1496 2479 —
1526 2473 1581 2480 —-
1612 2450 1842 2504 aceepit,
1872 2449 2029 2505 plenius
2057 2453 2100 2491 et
2126 2447 2255 2493 fusius

72 2523 296 2577 perscripta
326 2526 389 2562 est
418 2522 543 2575 primo
573 2523 710 2575 capitis
738 2522 909 2565 secundi
939 2523 1152 2565 enuntiato.
1210 2521 1364 2563 Deinde
1391 2533 1462 2563 res
1490 2523 1641 2575 pariter
1669 2535 1821 2578 graves
1849 2524 1904 2565 ita
1934 2526 2026 2564 sunt
2056 2522 2255 2574 delinitae,

73 2600 117 2637 ut
144 2595 248 2638 auae
286 2605 386 2637 non
426 2592 561 2636 ultra
599 2595 887 2646 biennium,
927 2594 1041 2649 aliaej
1069 2607 1166 2637 non
1202 2593 1287 2636 diu
1320 2593 1558 2637 valuisse
1599 2607 1775 2651 neque
1806 2595 2003 2650 longae
2032 2593 2157 2639 fuisse
2187 2596 2253 2638 di-

74 2673 226 2711 cantur.
284 2667 463 2710 Tertium
494 2666 598 2710 baec
627 2667 826 2721 ingressio
858 2672 919 2709 est
948 2666 1158 2718 eiusmodi,
1190 2671 1230 2709 ut
1261 2667 1353 2708 nihil
1382 2667 1504 2710 faciat·
1530 2668 1578 2711 ad
1608 2680 1678 2712 rea
1704 2667 1974 2718 illustrandas,
2004 2680 2104 2722 quaa
2118 2669 2254 2723 scrip-

71 2747 139 2784 tor
178 2745 412 2785 narraturus
452 2745 537 2791 θεας
576 2741 673 2784 nihil
713 2742 816 2783 enim
857 2741 962 2782 aliud
1005 2743 1200 2791 continet,
1242 2754 1358 2795 quam
1398 2740 1570 2784 fuisse
1611 2742 1705 2784 olim
1733 2753 1920 2797 reges,
1960 2746 2119 2794 oetera3
2147 2753 2252 2796 quae
