2360 3024
995 97 1364 154 -ωκΖθυυ-

79 235 271 279 christ.
299 235 478 279 Placit.
508 236 642 291 apud
670 234 870 279 Platon.
901 247 987 290 cap.
1018 233 1072 287 6.,
1103 234 1239 278 Catull.
1266 233 1537 288 64,383-9.‚
1567 232 1650 277 cic.
1667 232 1720 277 de
1738 232 1808 279 Off.
1826 233 1997 287 2‚5‚¹6.,
2020 234 2139 280 Tusc.
2164 233 2259 290 1,§.

83 306 279 361 114-6.,
306 320 344 352 c.
372 306 570 363 67-68,,
599 307 694 352 ΡΙίιι.
723 308 812 353 Nat.
840 308 937 353 Hist.
967 308 1079 362 2,21.
1110 312 1152 350 et
1181 308 1280 363 7,1.,
1308 308 1490 353 Juvenal.
1526 306 1563 351 1.
1593 306 1634 352 6.
1667 305 1733 353 15.
1764 305 1827 363 (V.
1856 306 1980 366 702).

191 382 395 438 Deinceps
431 382 644 426 considera
683 383 896 439 praecipue
935 383 1049 438 Virg.
1087 381 1226 437 Eclog.
1254 383 1312 435 4.,
1342 382 1494 438 Georg.
1526 380 1823 439 1,463—514.,
1851 380 1958 423 Aen.
1991 381 2258 434 1,258-96.,

76 455 373 507 6,.,756-853
414 456 550 499 Horat.
593 456 723 498 Garm.
761 457 802 508 3,
805 456 869 508 3.‚
906 456 1032 511 Epod.
1073 455 1127 507 7·
1169 456 1249 508 16.,
1290 455 1417 497 Carm.
1458 456 1499 507 2,
1503 456 1522 495 1
1530 456 1609 506 ,.;5
1646 455 1945 507 4,2,33-40.;
1987 456 2259 507 53143153

76 528 204 570 Carm.
234 527 365 581 Saec.,
392 526 515 583 Epist.
546 527 870 581 2.‚1.,1-19.

188 602 253 643 De
293 603 434 644 notitia
467 602 723 643 Judaicarum
766 615 899 644 rerum
943 603 1044 656 apud
1087 601 1265 645 Graecos
1305 607 1346 644 et
1374 602 1576 644 Romanos
1604 602 1698 643 vide
1728 580 1855 645 Sti-ab.
1887 602 2006 652 XVI,
2044 602 2084 645 2.
2144 601 2258 656 (Ca-

75 675 220 716 saub.
248 687 289 727 p.
318 672 453 728 523.,)
482 674 595 716 Tacit
621 674 723 717 nist.
754 674 965 727 5,.1-13,
994 676 1098 717 Flor.
1127 674 1296 726 3,5,3Ο,
1325 674 1470 717 sustin.
1499 673 1722 726 36,1—3.‚
1760 673 1858 715 Hor.
1898 674 2025 717 Serm.
2061 672 2258 726 1,9,69-

73 744 169 799 72.,
207 745 381 788 Juvenal.
410 745 718 798 14,96—106.‚
761 746 926 790 Sueton.
995 748 1163 804 VespaS.
1192 747 1257 799 4.3
1295 746 1358 798 5.3
1397 744 1461 796 7.3
1505 746 1560 799 8.,
1601 746 1878 789 Lassaulx.
1920 745 2054 788 Obit.
2098 744 2258 788 Grae-

74 821 280 870 citatis,
310 819 494 861 Monach.
527 818 650 862 1854.
681 833 721 873 p.
751 820 789 862 5.
821 825 863 879 et
890 820 952 862 7.:
986 821 1065 873 „Es
1094 822 1145 862 ist
1175 821 1265 860 eine
1295 820 1494 860 bekannte
1508 819 1753 874 Erziihlung,
1785 833 1835 861 an
1849 820 1976 861 deren
1988 819 2198 860 Wahrheit
2209 831 2259 860 zu

75 891 264 936 zweiieln
293 891 386 934 kein
416 889 569 945 Grund,
600 890 691 935 dass
721 892 850 936 sehon
880 891 954 935 der
982 892 1125 937 Kaiser
1153 892 1334 934 Tiberius
1363 891 1436 935 auf
1462 892 1540 935 den
1556 891 1721 935 Bericht
1751 892 1825 935 des
1840 892 1985 934 Pilatus
2015 891 2077 934 die
2092 890 2259 936 Absicht

75 967 225 1021 gehabt
254 967 372 1017 habe,
401 965 663 1008 christum
691 971 810 1008 unter
839 967 903 1008 die
923 967 1020 1008 Zahl
1051 967 1125 1008 der
1155 966 1323 1007 Goetter
1352 965 1591 1007 auinehmen
1620 979 1672 1006 zu
1685 966 1842 1015 lassen3
1872 979 1957 1007 was
1966 965 2116 1020 jedoch
2133 966 2260 1008 durch

77 1039 156 1081 den
183 1038 452 1082 Roemischen
482 1039 618 1091 Senat‚
650 1039 755 1081 ohne
787 1039 936 1082 dessen
951 1039 1224 1094 Zustimmung
1251 1038 1344 1080 kein
1373 1051 1503 1081 neuer
1515 1038 1650 1081 Cultus
1676 1039 1909 1093 eingesiihrt
1921 1038 2091 1081 werden
2113 1037 2258 1090 durite,

75 1113 262 1156 vereitelt
291 1112 457 1156 worden
487 1114 551 1156 ist.
619 1113 781 1157 Tertull.
810 1113 943 1168 Apol„
977 1113 1099 1165 5,21.‚
1128 1113 1275 1155 Euseb.
1303 1112 1401 1155 Hist.
1430 1111 1587 1154 Eccles.
1618 1112 1702 1162 2,2.
1733 1134 1787 1141 -—
1818 1134 1871 1143 —
1902 1112 2018 1154 Denn
2048 1112 2113 1154 die
2143 1111 2259 1154 beid-

76 1187 243 1229 nischen
272 1186 499 1228 nationalen
528 1186 771 1241 Religionen
810 1187 960 1229 liessen
991 1187 1074 1229 sich
1105 1186 1366 1241 gegenseitig
1394 1185 1556 1239 gelten,
1593 1206 1649 1214 ——
1679 1185 1749 1225 das
1777 1184 2019 1227 Judenthum
2049 1186 2147 1227 aber
2175 1186 2258 1227 und

76 1259 147 1301 das
187 1271 260 1301 aus
288 1259 365 1300 ihm
395 1258 791 1313 hervorgegangene
822 1258 1115 1301 Christenthum
1146 1281 1199 1288 —
1229 1257 1381 1300 liessen
1412 1256 1476 1298 die
1506 1257 1866 1311 polytheistischen
1905 1257 2142 1312 Religionen
2171 1256 2258 1311 (die
2291 1241 2301 1248 ἱ

76 1328 299 1373 πολύθεια
338 1334 476 1384 μανιά
515 1330 688 1386 (Euseb.
719 1345 757 1372 v.
788 1331 925 1373 Const.
965 1331 1075 1382 2,45.
1106 1344 1147 1385 p.
1176 1330 1273 1372 382.
1304 1329 1372 1384 Β.)
1402 1331 1510 1372 nicht
1538 1329 1720 1384 gelten“.
1751 1351 1806 1359 --

190 1405 374 1458 Denique
412 1405 568 1458 inspice
607 1404 879 1447 Abaelard.
916 1404 1053 1447 Theoi.
1096 1403 1218 1455 1251,
1248 1404 1373 1458 Epist.
1400 1404 1441 1446 6.
1472 1403 1522 1445 ad
1551 1403 1729 1453 Helois.,
1769 1403 1964 1444 Maurit.
2005 1402 2255 1445 Carrion:

76 1477 357 1520 Abaelard.
388 1482 428 1519 et
456 1477 677 1520 Helois.:
708 1477 813 1520 Giss.
828 1476 952 1521 1844.
968 1490 1062 1532 pag.
1078 1476 1238 1528 XLVII„
1269 1489 1360 1532 pag.
1395 1476 1487 1520 188.
1516 1480 1557 1517 et
1586 1475 1763 1519 eiusdem
1792 1475 2047 1531 Religios.
2081 1475 2257 1527 Oratt.,

75 1550 180 1604 Lips.
214 1549 336 1592 1850.
367 1562 458 1604 pag.
491 1548 699 1591 167-70.

192 1623 306 1671 Quae
336 1623 464 1664 media
493 1628 622 1664 aetate
653 1623 704 1664 de
734 1628 877 1677 quarta
905 1624 1059 1677 Virgilii
1088 1623 1241 1677 Ecloga
1269 1623 1439 1677 ipsoque
1479 1625 1601 1675 poeta
1630 1626 1672 1663 et
1701 1621 1751 1663 de
1782 1622 1982 1677 Sibyllinis
2011 1621 2258 1664 Canninibus

76 1695 251 1736 iudicata
281 1700 374 1736 sunt
404 1696 614 1737 verissime
646 1694 711 1748 (ut
739 1696 815 1736 iam
846 1700 926 1736 tum
957 1695 1166 1745 subsensi,
1198 1707 1315 1749 quum
1356 1694 1496 1736 librum
1525 1694 1680 1747 scripsi,
1708 1694 1771 1736 cui
1801 1693 1924 1737 index
1952 1698 2036 1737 estz
2074 1694 2181 1736 Lux
2209 1698 2260 1735 et

78 1768 272 1823 Caligo,
304 1768 467 1819 cliviae,
504 1767 624 1812 1838.
647 1780 740 1823 pag.
778 1768 908 1822 1040,
941 1769 1209 1823 posteriorum
1238 1772 1464 1823 temporum
1492 1767 1609 1822 impia
1639 1767 1781 1810 levitas
1809 1779 1898 1810 cum
1925 1766 2068 1810 stolida
2097 1765 2260 1810 audacia

76 1847 138 1884 est
167 1842 369 1894 cavillata,
406 1842 516 1884 velut
554 1854 640 1883 cum
680 1843 816 1896 primis
844 1855 947 1885 unus
979 1843 1030 1885 de
1060 1842 1415 1896 praesultatoribus
1431 1841 1744 1896 quotidianarum
1758 1842 1922 1883 istarum
1941 1841 2257 1896 praestig-iarum,

75 1916 113 1959 J.
141 1916 188 1958 Η.
217 1916 437 1958 Vossius
468 1916 519 1957 ad
549 1915 693 1970 virgil.
723 1915 819 1957 Buc.
849 1915 939 1957 Vol.
968 1915 998 1957 1.
1027 1928 1067 1969 p.
1098 1915 1193 1956 132.
1224 1916 1289 1958 ed.
1318 1915 1380 1967 IL,
1413 1915 1547 1957 Alton.
1579 1914 1698 1958 1830.
1707 1929 1721 1966 3
1751 1927 1873 1969 quem
1901 1919 2079 1957 ceterum
2110 1916 2256 1968 optime

77 1988 130 2031 de
157 1988 386 2030 liberalibus
417 1988 634 2042 disciplinis
664 1999 757 2030 esse
787 1989 969 2029 meritum
997 1989 1228 2042 neutiquam
1257 2001 1390 2043 neg03
1420 1988 1506 2030 sed.
1535 1988 1588 2030 cf.
1604 1988 1648 2031 C.
1665 1988 1823 2031 Tuscul.
1843 1987 1899 2041 3.,
1919 1989 1962 2029 4.
1981 1988 2020 2042 §.
2044 1988 2086 2030 8.
2100 1992 2142 2030 et
2164 1987 2258 2030 Ter.

75 2061 204 2104 Andr.
233 2061 393 2115 Prolog.
427 2060 493 2104 17.
522 2061 633 2109 Quae
665 2061 827 2115 quidem
853 2062 1058 2105 insaniens
1086 2063 1278 2116 sapientia
1307 2061 1427 2104 hodie
1458 2062 1628 2104 ducente
1658 2062 1768 2105 Deo
1807 2063 1960 2105 revicta
1990 2066 2031 2103 et
2059 2061 2258 2104 confutata

76 2138 163 2184 est,
191 2139 235 2175 ut
265 2135 314 2176 ad
343 2134 501 2176 nihilum
531 2135 700 2178 venerit.

189 2205 267 2248 Sed
299 2219 417 2261 quum
446 2208 484 2248 in
509 2206 746 2249 editionibus
763 2207 917 2262 Virgilii
940 2212 980 2251 et
994 2208 1146 2251 Horatii
1174 2207 1253 2250 hoc
1282 2207 1374 2250 loco
1390 2220 1527 2250 verum
1542 2207 1718 2251 nondum
1734 2211 1976 2262 compareat,
2004 2207 2151 2263 religio
2167 2206 2258 2248 mihi

74 2278 147 2320 suit
177 2280 380 2321 occasioni
419 2280 470 2321 ad
509 2281 551 2322 id
579 2281 882 2335 significandum
922 2283 1040 2324 datae
1071 2282 1246 2332 deesse,
1285 2286 1330 2323 ut
1365 2281 1524 2322 tandem
1566 2282 1757 2324 desistant
1794 2282 2037 2335 interpretes
2074 2279 2256 2322 reddere

73 2351 200 2403 nolle,
231 2364 334 2405 quae
363 2352 428 2394 liic
457 2355 605 2396 artibus
635 2355 816 2397 honestis
847 2355 1011 2407 debent,
1042 2367 1185 2409 eaque,
1217 2366 1323 2408 quae
1345 2353 1491 2396 effecta
1506 2357 1599 2396 sunt
1613 2353 1897 2409 perspicientia
1911 2355 2028 2407 recti,
2059 2353 2111 2396 ad
2123 2352 2251 2407 selice

71 2425 136 2467 lae
167 2430 210 2468 et
239 2425 552 2470 adolescentium
582 2427 797 2469 litterarum
828 2428 1097 2471 studiosorum
1126 2428 1297 2471 fructum
1326 2427 1564 2470 redundent.
1585 2450 1642 2460 —

185 2498 251 2540 Ad
280 2498 379 2541 Hor.
408 2499 537 2542 Carm.
569 2500 749 2550 1,28,74.
780 2500 883 2556 fugit
910 2501 1189 2545 Linkerum
1219 2506 1262 2544 et
1299 2502 1682 2554 Meineckium‚
1718 2501 1909 2546 incidisse
1938 2500 2030 2542 mihi
2057 2501 2100 2543 in
2136 2511 2252 2542 men-

71 2575 151 2613 tem
191 2572 362 2615 eandem
413 2572 751 2627 emendationem,
789 2588 892 2630 quae
922 2575 1320 2630 Peerlkampio,
1350 2579 1391 2617 et
1429 2575 1573 2618 eodem
1612 2580 1818 2632 tempore5
1848 2574 1900 2617 cf.
1928 2572 2254 2630 Prognvetzlat.

74 2644 197 2687 1835.
227 2659 265 2701 p.
293 2646 335 2689 4.
367 2669 422 2677 -
455 2646 785 2691 Meineckius
813 2661 897 2692 non
926 2649 1062 2692 debuit
1089 2649 1316 2705 virgilianis
1343 2649 1613 2704 similibusque
1643 2649 1840 2705 exemplis
1870 2652 1912 2692 et
1949 2648 2074 2703 ipsius
2101 2646 2255 2689 Horatii

72 2718 228 2771 epico
257 2720 691 2774 versu,Epod.13,3.:
723 2723 885 2776 capiti
912 2724 1194 2775 inhumato,
1224 2722 1571 2778 tegiexistimare3
1600 2735 1692 2767 nam
1720 2722 1972 2766 Threicio
2002 2720 2253 2777 aquilone
