2360 3024
986 145 1341 200 *025⁸*—

93 285 177 329 1o.:
199 283 266 332 Ὡς
293 275 346 325 εὖ
374 298 432 337 γε,
461 281 515 338 νή
531 280 609 323 τόν
623 280 1215 338 Ἑρμῆν,-·πεπροοιμίασταί
1238 292 1332 333 σοις
1360 280 1574 323 secundum
1603 291 1705 335 quae
1733 279 1903 322 fortasse
1930 276 2110 333 δάκρυσι
2125 281 2231 323 neri·

90 358 257 400 bendum
287 362 347 400 est
376 362 417 398 et
445 360 583 411 τέχνη.
640 356 841 398 Falluntur
879 360 1011 398 autem
1049 357 1322 400 Passovius
1360 359 1403 398 et
1440 354 1754 404 Benselerus‚
1783 353 1851 406 qui
1875 353 2039 394 activam
2062 353 2228 397 torn-

89 432 354 487 neglexerint;
387 443 519 486 neque
547 432 590 473 in
616 430 779 485 Nigrino
808 430 1018 485 deponens
1046 432 1150 474 med.
1173 436 1250 483 est,
1279 436 1322 472 ut
1349 429 1610 471 Passovius
1644 433 1706 470 est
1720 428 1923 482 opinatus;
1950 426 2032 470 vid.
2058 427 2231 479 Reus-3

88 508 163 547 iam
191 506 408 560 Micyllus
436 505 570 546 vertit:
598 505 652 547 Ut
679 505 805 546 bene
833 515 948 546 sane
979 528 1030 537 —-
1060 506 1318 548 exordium
1345 504 1435 546 hoc
1462 504 1549 545 tibi
1575 507 1824 557 peractum
1853 502 1933 544 est!
1961 525 2016 533 -

202 580 309 622 lliad.
339 577 591 631 zue-82.
625 578 778 621 Achaei
815 578 864 620 ad
905 579 1065 621 multam
1100 585 1254 622 noctem
1294 578 1479 620 videntur
1518 577 1723 631 vigilasse.
1764 598 1820 608 —-
1861 575 1979 631 Apud
2008 576 2229 620 Hesiodum

88 665 251 707 quoqne
282 654 392 696 Scut.
420 666 460 695 v.
487 653 558 696 46.
588 664 741 694 comma
768 656 861 707 post
888 655 1117 708 παρακοίτι
1144 655 1318 708 ineptum
1347 656 1423 694 est.
1450 674 1504 682 -—

198 726 344 782 odyss,
380 726 517 777 1,349.
552 726 787 768 Faesium
822 726 980 768 videtur
1014 727 1168 783 fugisse
1201 726 1538 771 Schneidevini
1580 728 1778 768 annotatio
1819 725 1871 767 ad
1903 727 2029 781 soph.
2065 727 2231 771 Phaoni.

86 814 122 841 v.
162 800 276 851 709.;
316 797 536 856 α’λφηστής
572 801 684 841 vocis
722 800 986 854 veriloquium
1021 812 1118 842 sane
1157 806 1219 842 est
1251 798 1359 855 ἄλφι
1393 799 1513 841 ἔδων.
1543 824 1595 829 -
1625 801 1810 842 Eiusdem
1844 800 2002 843 fabulae
2032 814 2076 845 v.
2106 801 2228 844 1140.

84 873 201 927 (pag.
236 874 333 915 279.
369 873 431 915 ed.
468 871 616 926 1855.)
650 873 1031 915 Schneidevinus
1065 874 1209 916 frustra
1243 879 1410 915 conatus
1446 879 1508 915 est
1540 874 1738 928 vulgatam
1765 876 2002 928 scripturam
2028 876 2229 929 interpre-

85 947 177 997 tari3
216 946 257 987 id
291 947 400 1000 quod
430 948 516 1000 ipse
546 946 701 988 videtur
729 947 995 988 subsensisse.
1027 970 1077 978 -—-
1109 947 1213 989 Idem
1236 949 1559 989 commemoravit
1579 948 1736 1001 quidem
1765 947 2008 990 Dindorfii
2033 950 2229 991 emenda-

85 1021 247 1061 tionem:
286 1021 332 1060 ἓν
369 1019 559 1072 δίκαιον,
599 1024 640 1061 et
668 1032 813 1062 meam:
853 1011 901 1060 οἴ
932 1019 1118 1073 δίκαιον,
1158 1023 1231 1065 sed
1268 1022 1395 1076 mag-'s
1433 1022 1471 1064 ei
1509 1021 1666 1064 videtur
1709 1022 1905 1077 placuisse
1932 1023 2141 1065 Arndtii:
2170 1021 2227 1065 τοὶ

83 1096 165 1145 μὲν
193 1092 319 1134 &voci
348 1092 441 1134 αἰὲν
471 1092 621 1134 εἰπεῖν.
679 1094 765 1148 Ego
796 1093 912 1135 aliter
939 1099 1069 1137 statuo
1076 1109 1089 1145 ς
1119 1109 1207 1138 nam
1223 1097 1308 1151 ipsa
1337 1109 1433 1137 vera
1461 1101 1552 1137 sunt
1580 1100 1858 1146 controversa3
1887 1097 1959 1137 sed
1989 1097 2066 1139 hoc
2094 1101 2227 1152 potest

86 1173 291 1225 postulari,
322 1177 366 1214 ut
394 1184 498 1227 quae
527 1184 624 1215 vera
653 1184 748 1215 esse
777 1172 1055 1218 existimemus,
1082 1170 1355 1224 profiteamur;
1383 1167 1477 1212 αἰὲν
1507 1174 1635 1212 autem
1664 1170 1895 1225 languidum
1928 1175 2001 1214 est.
2030 1192 2085 1202 -—

749 1258 953 1338 Odyss.
992 1257 1118 1322 Lib.
1158 1259 1220 1323 ll.
1300 1276 1356 1321 v.
1397 1262 1548 1339 334:

416 1371 527 1418 οῧτω
555 1390 626 1417 κεν
654 1374 725 1416 καὶ
754 1374 919 1428 μᾶλλον
948 1373 1169 1430 ὀφέλλειεν
1199 1371 1341 1415 πόνον
1370 1370 1543 1427 ἄμμιν)

198 1450 255 1490 Cf.
285 1461 388 1504 quae
417 1449 467 1491 ad
495 1449 538 1490 11.
569 1447 818 1519 163650—1.
848 1450 1045 1490 annotavi.
1072 1470 1128 1480 —

746 1536 946 1617 Odyss,
985 1535 1111 1600 Lib.
1153 1535 1250 1600 IV.
1328 1555 1385 1601 v.
1427 1541 1571 1600 3530:

416 1634 458 1677 οἱ
484 1634 523 1677 ‹5’
551 1634 636 1677 αἰεὶ
664 1635 878 1690 βούλοντο
906 1636 1006 1677 θεοὶ
1035 1635 1289 1690 μεμνῆσθαι
1316 1634 1571 1690 ἐφετμέων.)

189 1710 374 1765 Reponez
415 1708 743 1763 οῖ’-βούλονται
771 1709 856 1752 ἑῶν
902 1724 948 1763 μ.
978 1709 1047 1764 ἐφ.
1083 1732 1132 1739 -
1163 1740 1175 1751 .
1212 1708 1407 1751 Faesius
1436 1710 1624 1751 aoristum
1653 1708 1831 1752 confudit
1859 1722 1947 1753 cum
1977 1712 2226 1768 imperfecto.

77 1782 278 1838 Ἐφετμαὶ
318 1788 408 1825 sunt
448 1784 534 1837 ipsa
576 1795 705 1825 sacra.
778 1783 836 1825 Cf.
879 1782 984 1825 iliad.
1017 1780 1157 1832 7‚450.
1185 1781 1403 1832 9,535-⁷.
1464 1782 1610 1837 Odyss.
1644 1783 1903 1836 14,420—4.‚
1931 1784 2062 1839 Apoll.
2091 1786 2222 1832 Rhod.

79 1856 200 1909 1‚14.,
229 1857 336 1909 3‚64.
367 1857 487 1909 1136,
515 1858 581 1899 ubi
608 1857 876 1899 scribendum:
905 1854 1076 1896 λιπουσ’
1102 1853 1166 1911 ἣν.
1195 1876 1251 1884 —-

739 1944 942 2025 Odyss.
981 1943 1109 2009 Lib.
1149 1943 1241 2007 lV.
1323 1962 1379 2006 v.
1420 1949 1570 2007 546.:

407 2043 439 2102 ἢ
464 2043 542 2100 γάρ
570 2060 647 2099 μιν
674 2042 788 2095 ζωόν
816 2060 861 2098 γε
887 2041 1092 2100 κιχήσεαι,
1121 2038 1151 2098 ἤ
1177 2058 1249 2086 κεν
1276 2040 1489 2097 Ὀρέστης)

187 2119 314 2169 Quum
348 2120 482 2163 Marco
516 2120 641 2163 Tullio
677 2123 841 2162 auctore
879 2130 966 2160 suo
1001 2118 1169 2171 cuique
1208 2117 1385 2159 iudicio
1424 2118 1484 2158 sit
1513 2119 1730 2160 utendum
1760 2126 1803 2164 et
1843 2133 1930 2165 eam
1961 2125 2014 2167 ob
2044 2137 2222 2171 caussam

75 2192 279 2235 difficile
311 2195 372 2236 sit
406 2195 537 2236 factu
570 2205 637 2235 me
670 2193 715 2234 id
750 2193 952 2242 sentire,
987 2192 1111 2246 quod
1144 2196 1195 2233 tu
1222 2191 1359 2233 velis:
1390 2191 1452 2235 hic
1483 2192 1637 2244 quidem
1667 2205 1808 2237 versus
1837 2195 2072 2241 Homericus
2101 2200 2221 2254 vulgo

73 2269 177 2309 inter
206 2279 331 2321 opera
360 2279 513 2322 ganeae
541 2267 819 2321 grammaticae
848 2269 1100 2314 numeratum
1128 2268 1169 2305 at
1195 2268 1323 2305 tamen
1347 2277 1507 2316 vereor,
1536 2279 1585 2306 ne
1608 2266 1683 2307 hoc
1702 2280 1867 2323 quoque
1882 2271 1988 2312 modi
2004 2274 2222 2326 specimen,

74 2340 251 2394 quamvis
284 2338 465 2383 videatur
496 2340 633 2396 lingua
660 2343 840 2395 prompta
869 2350 962 2380 esse
992 2337 1319 2388 commendabile,
1348 2338 1426 2381 huc
1455 2339 1591 2381 redeat
1620 2340 1809 2395 denique:
1838 2355 1893 2387 ex
1922 2345 2069 2388 mendo
2095 2345 2223 2391 libra..

72 2413 120 2456 rii
141 2412 306 2465 laborat,
334 2418 454 2468 poeta
468 2425 569 2456 vero
598 2414 756 2457 cecinit:
787 2409 815 2469 ἢ
842 2410 920 2467 γαρ
949 2412 1011 2454 ἔτι
1039 2409 1164 2463 ζωόν,
1194 2411 1258 2453 vel
1287 2414 1369 2465 μὲν
1399 2436 1453 2443 -
1482 2410 1511 2469 ἥ
1536 2428 1610 2467 μιν
1627 2412 1833 2472 Ὀρέστης.
1855 2441 1907 2449 -
1930 2418 2221 2471 uiad14‚484‚

72 2491 184 2529 recte
198 2486 309 2529 Vrat.
322 2487 377 2531 d.:
392 2488 469 2528 καί
479 2502 539 2528 τε.
554 2510 609 2520 -—
619 2487 776 2532 Siccine
791 2486 962 2530 locutum
978 2499 1070 2529 esse
1084 2486 1277 2529 Graecum
1293 2486 1501 2539 hominem,
1524 2493 1564 2529 ut
1576 2503 1649 2530 κεν
1664 2490 1878 2535 indicativo
1893 2494 2113 2546 praesentis
2129 2495 2221 2536 iun.

75 2565 241 2616 geretur
269 2566 311 2603 et
338 2561 437 2604 haec
464 2566 590 2605 status
619 2561 807 2616 particula
818 2574 914 2606 vera
942 2560 1118 2604 adverbii
1146 2561 1183 2602 vi
1212 2560 1412 2604 diceretur
1441 2567 1577 2605 contra
1605 2577 1722 2609 usum
1751 2569 2027 2609 communem?
2057 2592 2108 2600 --
2141 2568 2220 2611 Fa-

72 2634 215 2678 bulael
243 2657 300 2666 —
333 2636 427 2679 mihi
467 2636 626 2692 quidem
659 2647 741 2679 non
779 2635 824 2679 fit
850 2634 1084 2688 verisimile,
1120 2636 1293 2689 quamvis
1322 2648 1394 2691 pro
1425 2636 1498 2680 hac
1527 2639 1748 2696 stribligine
1778 2641 1895 2684 multa
1924 2642 2044 2684 verba
2073 2643 2221 2696 inania,

71 2713 115 2753 nt
130 2709 184 2753 de
206 2709 385 2767 quolibet
404 2711 607 2755 enuntiato
626 2709 743 2762 falso,
771 2714 954 2764 tanquam
980 2709 1031 2753 de
1046 2721 1092 2752 re
1113 2713 1237 2761 certa,
1265 2709 1452 2754 funditari
1468 2714 1633 2767 possint.
1668 2713 1724 2757 lta
1747 2727 1799 2758 ex
1820 2715 2003 2759 omnibns
2022 2715 2109 2760 fieri
2127 2717 2224 2761 licet

73 2784 224 2827 omnint
252 2806 307 2820 -=-
337 2783 394 2831 Cf.
424 2796 528 2840 quae
558 2785 609 2827 ad
632 2784 755 2838 692„
783 2784 833 2827 ad
867 2783 1056 2837 16‚43··1.,
1085 2783 1286 2836 24363-
1296 2787 1338 2827 4.
1367 2791 1408 2828 et
1436 2787 1488 2829 ad
1517 2788 1624 2831 iliad.
1652 2788 1793 2841 3,180.
1825 2792 2024 2832 annotavi.
2051 2813 2108 2822 —
2136 2792 2223 2834 Hoc

2109 2858 2137 2901 ⁷
