2360 3024
1011 83 1137 129 EQ:
1141 74 1215 176 ffs

991 140 1112 173 ...aa
1225 139 1347 171 00·-

739 250 913 332 Iliad„
951 252 1083 318 bib.
1123 253 1274 319 ΧΙΧ.
1359 274 1414 320 v.
1456 261 1611 321 302:

417 331 673 389 Πάτροκλον
694 329 946 391 ,περιῇ-φιν,
975 333 1102 390 σφῶν
1129 333 1171 374 δ’
1197 333 1344 378 αὐτῶν
1371 334 1488 393 κήδε’
1516 334 1711 390 ἑκάστη.)

188 408 408 460 Pallantia,
438 407 582 462 quibus
609 402 1019 462 medormdum,
1039 420 1312 462 reapse-mas
1340 422 1528 465 quaeque
1551 409 1796 452 calamitates
1811 410 1887 453 hae
1907 412 2096 454 mulieres
2111 414 2255 455 viden-

73 489 138 526 tur
165 480 455 537 complorasse.
513 480 685 524 Primum
715 481 822 523 enim
851 479 917 523 illa
946 479 1079 524 aetate
1107 480 1287 525 honines
1315 482 1604 527 misericordes
1633 495 1678 523 se
1707 484 1979 537 praebuerunt
2007 485 2045 526 in
2075 485 2175 528 alios
2215 492 2256 529 et

73 557 125 601 ad
161 556 350 599 lacrimas
378 566 620 611 propensos,
659 560 780 609 atque
820 568 870 597 ea
917 554 989 597 suit
1028 554 1443 616 eorunm-mutas,
1486 561 1529 598 ut
1574 556 1840 599 abhorrerent
1881 571 1902 599 a
1942 558 2035 600 fletu
2080 558 2254 601 conficto

73 630 191 673 dolis.
256 626 709 681 vid.uiad.·1,.‚426
750 627 901 683 odyss.
929 628 1178 680 9,2.,94-5
1214 627 1539 682 tostas—202„
1568 630 1680 681 209.
1717 630 1787 680 12,
1791 630 2026 682 309-11,,
2057 633 2172 684 alibi3
2203 633 2254 675 cf.

64 702 192 746 ovid.
230 702 327 746 Uet.
370 702 445 754 ¹4,
485 700 694 753 242-3.,
723 701 792 743 ubi
819 712 929 744 vers.
958 702 1053 745 250.
1083 712 1255 755 repone·
1295 704 1437 743 tecta
1477 707 1527 744 et
1555 715 1656 744 non
1695 707 1840 755 nota,
1880 708 1923 746 ut
1963 705 2108 746 alicubi
2138 705 2255 749 dicit.

69 789 175 820 non
216 781 393 820 notum
430 786 634 817 numen.
675 795 730 806 -
772 773 834 844 cr?
863 772 1160 836 Horatssfflpod.
1194 773 1332 825 12,25.
1361 778 1403 816 et-
1432 787 1537 829 quae
1568 776 1618 817 ad
1650 776 1810 818 Vestrit.
1841 789 1877 830 p
1908 776 2008 819 112.
2039 782 2080 818 et
2109 778 2254 833 Progr.

72 850 188 893 Cruc.
223 848 348 891 1846.
377 861 469 903 pag.
503 847 570 890 12.
599 847 820 890 annotavi.
929 845 1085 902 ζ’ᾶο,
1114 858 1188 890 cur
1214 848 1448 901 praesertim
1477 848 1555 890 liae
1585 848 1775 891 mulieres
1805 862 1859 891 ex
1887 850 2255 892 animolamenten-

70 928 149 974 tur,
178 921 263 964 vid.
291 920 401 964 lliad.
436 920 511 972 19,
541 933 579 962 v
610 902 1150 971 282-300.,'1·?,671.-
1179 920 1295 962 Serio
1325 921 1446 975 igitur
1475 921 1759 963 illacrimantur
1787 923 1906 964 morti
1929 922 2120 973 Patrocli,
2150 935 2255 976 quae

72 1000 208 1037 tamen
248 1006 388 1036 caussa
431 997 517 1044 est,
557 996 600 1034 ut
637 991 781 1033 eodem
821 996 1005 1046 tempore
1045 1003 1208 1034 suorum
1239 992 1383 1033 funera
1413 993 1491 1033 sibi
1519 998 1746 1047 proponant
1775 999 1817 1035 et
1844 995 1911 1035 hic
1939 1006 2103 1050 quoque
2137 996 2256 1036 dolor

71 1080 122 1110 eo
139 1067 269 1122 magis
284 1065 513 1115 refricetur,
543 1064 650 1119 quod
680 1064 852 1106 Patrocli
880 1064 1039 1107 bonitas
1069 1064 1120 1105 ad
1150 1076 1287 1105 earum
1318 1064 1489 1106 fructum
1517 1066 1758 1108 redundavit
1768 1079 1782 1116 ς
1811 1078 1916 1107 nunc
1937 1072 2068 1109 autem
2092 1072 2256 1121 praeter

69 1146 208 1183 cetera
238 1140 444 1183 servitutis
475 1138 577 1180 mala
608 1139 726 1179 etiam
757 1136 870 1178 huius
900 1137 1110 1178 clementia
1139 1141 1231 1179 sunt
1259 1137 1450 1191 privatae.
1479 1158 1530 1168 ·-
1563 1138 1621 1180 lta
1646 1138 1791 1193 Ullyssi
1806 1143 1944 1182 cantus
1958 1139 2180 1182 Demodoci
2193 1140 2254 1182 la-

68 1216 212 1257 crimas
238 1214 388 1256 excutit
410 1212 691 1254 recordatione
719 1212 937 1253 communis
959 1211 1188 1252 calamitatis
1214 1215 1256 1253 et
1272 1212 1463 1254 orbitatis·
1493 1211 1649 1255 Helena
1664 1217 1796 1255 autem
1808 1212 1915 1255 Iliad.
1930 1213 2000 1265 24,
2016 1212 2255 1256 761—775.

69 1287 265 1341 expositis
292 1286 446 1327 doloris
476 1286 632 1326 caussis
658 1289 799 1338 aperte
826 1284 1056 1337 profitetur:

406 1358 471 1411 τῷ
502 1363 554 1398 σέ
580 1356 629 1397 θ’
659 1352 754 1408 ἅμα
781 1355 914 1396 κλαίω
942 1355 1016 1397 καὶ
1050 1355 1117 1412 ἔμ’
1145 1353 1349 1412 ἄμμορον
1380 1355 1604 1412 ἀχνυμένη
1632 1358 1723 1413 κῆρ.
1755 1382 1810 1389 --

180 1433 262 1475 Sed
278 1419 401 1473 versu
426 1430 623 1480 lliad.19,
655 1429 753 1470 302.
771 1429 1046 1474 mediusfidius
1078 1431 1203 1472 verba
1232 1432 1318 1483 ipsa
1347 1432 1400 1472 ita
1430 1436 1523 1473 sunt
1552 1436 1799 1485 comparata,
1829 1436 1873 1473 ut
1884 1431 2090 1482 lacrimae,
2119 1433 2250 1474 sinon

66 1505 318 1556 simulantur,
355 1509 486 1544 tamen
525 1515 606 1544 non
635 1501 806 1543 Patrocli
845 1503 955 1544 luctu
985 1502 1166 1546 dicantur
1195 1503 1358 1545 effundi.
1416 1504 1615 1552 Quocirca
1644 1503 1856 1544 Homerica
1887 1504 2088 1558 elegantia
2117 1503 2253 1545 liuius-

66 1579 171 1619 modi
214 1578 309 1630 quid
352 1578 528 1631 flagitatz
560 1573 814 1629 Πάτροκλον
843 1573 1085 1630 πρόφασιν,
1115 1576 1189 1615 καὶ
1214 1575 1254 1616 δ’
1287 1573 1435 1618 αὐτῶν
1463 1577 1532 1618 vel
1566 1574 1798 1630 πρόφασίν
1830 1574 1880 1628 γ’,
1906 1572 2001 1628 ἅμα
2032 1574 2072 1617 δ’
2106 1573 2251 1617 αὐτῶν

64 1651 171 1704 κηδέ
198 1649 370 1702 ἑκαστῃ.
400 1670 456 1680 -—
768 1700 937 1764 Iliad·
976 1701 1105 1768 Lib.
1146 1703 1271 1764 XX·
1353 1719 1408 1765 v·
1449 1705 1550 1765 143

404 1779 672 1836 ι·ηκου’στησε
702 1782 825 1832 θεᾶς,
855 1779 950 1822 ἀλλ’
978 1782 1029 1831 ἐξ
1056 1781 1160 1830 ‹5164-
1187 1774 1302 1838 ἦλθε
1330 1781 1425 1834 μετ’
1452 1781 1631 1833 αὐτούς,
1631 1785 1656 1833 )

177 1857 366 1910 Reponc:
398 1855 468 1897 καὶ
499 1852 644 1906 αὐτός,
676 1855 761 1897 vel:
791 1853 886 1907 μετ’
913 1850 1082 1903 ἄλλους.
1113 1878 1167 1886 --

679 1924 848 1990 fliad.
885 1925 1009 1991 Lib.
1050 1925 1175 1989 XX.
1257 1943 1313 1990 v.
1354 1929 1649 1990 121—-22.:

405 2021 641 2075 παρσταίη,
672 2017 768 2073 δοίη
797 2018 846 2060 δὲ
874 2016 1028 2073 κράτος
1056 2023 1183 2072 μέγα,
1212 2017 1327 2072 μηδέ
1351 2031 1393 2057 τι
1421 2016 1559 2072 θυμῷ

402 2087 617 2138 δευέσθω,
649 2083 724 2126 ἵνα
753 2084 845 2142 εἰδῇ
875 2082 900 2127 ὅ
928 2100 1005 2139 μιν
1035 2085 1258 2140 φιλέουσιν
1287 2081 1478 2138 ἄριστοι)

176 2161 364 2213 Repone:
401 2165 512 2213 μέγα
547 2157 728 2214 κράτος,
759 2159 805 2199 ἐν
836 2159 887 2200 δέ
914 2173 956 2199 τι
986 2181 1039 2189 -
1068 2160 1281 2211 γενέσθω,
1312 2180 1367 2187 -
1406 2157 1464 2199 Cf.
1503 2158 1660 2210 Steph.
1696 2157 1833 2208 Thes„
1873 2158 2049 2200 Ameis.
2086 2159 2135 2199 ad
2173 2159 2248 2200 Od.

65 2235 243 2283 17,413.,
277 2235 396 2287 Epist.
427 2234 473 2273 ad
503 2234 625 2275 Ilebr.
656 2233 745 2283 6‚4;
778 2234 830 2283 5.,
862 2234 887 2275 S
898 2234 1007 2287 pitz
1020 2246 1057 2275 n.
1114 2233 1177 2274 De
1193 2229 1416 2273 Vers.l·1er.
1438 2243 1477 2283 p.
1498 2230 1566 2272 91.
1588 2231 1629 2282 S.
1643 2231 1700 2281 4.,
1722 2235 1763 2271 et
1784 2230 1966 2285 Theogn.
1987 2230 2245 2274 v.1⁷3.13r.:

406 2307 531 2353 Θεοῖς
559 2300 707 2359 εἷῖχου,
747 2297 810 2352 οἷς
848 2304 938 2346 ἐστι
966 2310 1077 2358 μέγα
1104 2301 1271 2359 κράτος.
1329 2295 1385 2344 οὕ
1410 2316 1451 2343 τι
1480 2297 1582 2357 ἄτερ
1610 2299 1743 2344 θεῶν.
1774 2327 1832 2336 -

172 2378 215 2419 ΙΙ.
268 2377 433 2429 2Ο,135.
481 2390 580 2420 sane
632 2378 900 2433 dignissimam
944 2378 1124 2418 continet
1162 2376 1349 2430 Neptuno
1390 2376 1645 2417 sententiam:
1684 2374 1784 2416 ἐπεὶ
1824 2367 1853 2430 ἦ
1893 2374 2009 2415 noio*
2048 2377 2249 2428 φέρτεροί

58 2451 190 2503 εἰμεν.
234 2473 287 2481 —-
327 2451 444 2492 VerS.
488 2451 578 2493 136.
617 2452 770 2491 ἔπειτα
808 2450 932 2491 multo
972 2450 1098 2490 minus
1143 2453 1258 2490 extra
1289 2448 1469 2489 ordinem
1499 2449 1607 2502 cepit
1632 2448 1779 2499 locum,
1811 2461 1931 2502 quam
1960 2458 2245 2500 nonnunquam

57 2525 287 2567 Latinorum
318 2522 527 2574 deinde,
557 2525 667 2566 velut
696 2524 801 2577 apud
832 2524 944 2577 Virg.
973 2523 1076 2564 Aen.
1109 2519 1415 2574 1,195-197.:

466 2597 599 2638 Vina
628 2598 819 2649 bonus,
850 2610 981 2651 quae
1011 2597 1204 2641 delude
1234 2593 1381 2637 cadis
1412 2598 1667 2636 onerarat
1695 2594 1931 2636 Acestes

464 2672 648 2712 Litore
678 2671 960 2713 Trinacrio
990 2670 1320 2722 dederatque
1350 2670 1681 2714 abeuntibus
1711 2671 1893 2720 heros,

466 2743 668 2788 utvtdtt
698 2748 746 2785 et
777 2744 941 2787 dictis
970 2744 1265 2786 maerentia
1294 2748 1515 2798 pectora
1542 2744 1753 2788 mulcet.
1782 2764 1839 2776 -—
