2360 3024
1008 110 1373 167 *⁶024*-

103 248 250 304 Odyss.
271 248 341 299 22,
371 247 483 299 249„
513 246 671 291 Pindar.
712 246 770 289 01.
800 246 928 300 3,81.‚
957 249 1069 304 Pyth.
1099 248 1241 298 2,112.
1271 274 1326 282 —-
1356 249 1463 292 lliad.
1491 246 1633 300 2,298.
1660 248 1738 290 iam
1767 247 2005 290 Dammius
2032 246 2277 297 ε.ν.κενεο’ς

100 327 213 363 recte
242 321 467 375 explicavit.
497 344 551 351 —
582 319 648 362 Ad
678 333 741 371 ea,
771 334 879 375 quae
908 322 959 364 ad
988 323 1094 364 illum
1123 322 1264 365 librum
1293 323 1422 365 Iliadis
1450 322 1649 372 annotavi,
1678 321 1741 363 hic
1755 321 1883 376 placet
1899 321 2064 374 addere,
2092 320 2275 363 Haurit.

102 394 314 436 Garrier.
347 405 487 435 versus
503 391 715 435 217—19.
730 395 1005 448 supposititios
1022 395 1201 438 duxisse:
1232 395 1283 438 cf.
1299 396 1387 437 eius
1403 396 1565 437 Theol.
1594 394 1799 437 Aristot.
1825 394 2038 442 Lineam..
2067 394 2274 436 Beroliu.

104 468 238 512 1838.
270 481 307 521 p.
336 467 412 510 32.
443 467 541 511 Sunt
570 468 689 510 etiam
717 468 791 509 alia
819 469 860 510 in
889 470 954 519 iis,
983 481 1086 524 quae
1117 469 1167 510 de
1198 469 1379 511 Thersite
1409 473 1632 520 narrantur,
1660 468 1776 511 valde
1805 468 2036 523 suspiciosa.
2069 491 2118 500 -

752 572 923 637 Iliad.
965 574 1086 637 Lib.
1127 574 1332 638 XXIV.
1414 592 1471 638 V.
1514 578 1630 639 68.:

438 678 494 737 οἷς
521 687 599 743 γάρ
629 689 732 742 ε’μοί
757 687 805 741 γ’,
837 688 935 731 ἐπεὶ
966 685 1020 732 οὕ
1045 704 1086 731 τι
1116 688 1255 743 φίλων
1276 686 1499 745 ἡμάρτανε
1529 687 1716 744 δώρων.)

211 763 394 817 Repone:
432 760 684 819 ἡμάρτανον
716 756 830 817 ἷρων.
863 785 913 794 -·

663 860 831 925 iliad.
874 861 998 925 Lib.
1040 860 1245 925 XXIV.
1328 879 1384 924 v.
1426 865 1711 925 721--221

434 975 612 1032 θρήνων
643 974 866 1031 ἐξάρχους,
899 974 949 1017 οἷ’
969 991 1016 1015 τε
1046 974 1313 1016 στονόεσσαν
1342 973 1499 1031 αόιδήν

435 1049 479 1092 οἳ
504 1053 587 1103 μὲν
616 1049 672 1106 δή
699 1047 907 1106 θρήνεον,
939 1049 1015 1090 ἐπὶ
1045 1049 1093 1090 δὲ
1124 1047 1388 1102 στενάχοντο
1417 1051 1645 1102 γυναῖκες.)
1712 1046 1714 1049 ’

207 1125 250 1165 1η
278 1125 410 1167 Schol.
440 1126 492 1167 A.
524 1130 564 1165 et
594 1123 707 1166 vind.
739 1126 861 1176 quint.
890 1127 974 1164 est:
1009 1120 1064 1177 δή
1091 1121 1296 1178 θρήνεον,
1329 1128 1371 1163 et
1399 1124 1458 1163 sic
1488 1122 1609 1163 edidit
1637 1123 1673 1165 J.
1704 1123 1766 1164 Be
1781 1123 1839 1164 kk
1852 1136 1933 1173 er.;
1967 1126 2050 1176 μὲν
2080 1119 2144 1177 ἄρ’
2175 1124 2272 1178 ⁵³¹9?-

92 1198 228 1240 vaes.
263 1220 311 1228 —-
345 1198 535 1251 Reponez
566 1202 832 1239 στονοέσσαν
863 1194 1012 1251 ἀοιδῆς
1041 1194 1168 1249 οἴμην
1185 1193 1239 1251 δή
1254 1195 1320 1236 vel
1330 1198 1413 1248 μὲν
1428 1193 1636 1252 θρήνεονς
1667 1196 1734 1239 vel
1752 1190 1878 1250 οἷμον
1891 1193 1958 1252 ἄρ’
1977 1194 2201 1254 ἐθρήνεον.
2222 1221 2271 1228 -

907 1400 973 1406 -—
980 1388 1177 1410 -οοο-θο
1185 1388 1456 1411 eom-‘w—

812 1595 1018 1674 Odyss,
1060 1594 1186 1657 Lib.
1228 1596 1271 1656 Ι.
1352 1612 1408 1657 v.
1448 1598 1570 1657 443.

435 1708 532 1749 ἔνθ’
562 1705 587 1751 ὅ
616 1725 660 1762 γε
691 1707 945 1762 παννύχιος,
975 1708 1293 1761 κεκαλυμμένος
1322 1707 1409 1755 οἶός
1438 1706 1605 1761 duim)

203 1784 328 1826 Etiam
371 1783 604 1837 Strepsiade
645 1788 811 1824 auctore
852 1789 917 1825 est
959 1782 1105 1837 aliquid
1142 1781 1511 1834 ἐγκεκαλυμμένον
1554 1781 1713 1835 ρἐκειν
1762 1780 1987 1835 (Aristoph.
2022 1780 2125 1824 Nub.
2163 1781 2268 1836 1¹.);

91 1863 133 1899 ut
161 1870 260 1898 vero
291 1856 553 1898 Telemachus
581 1861 758 1898 stertere
788 1869 869 1898 non
907 1857 1098 1910 potuerit,
1140 1859 1272 1897 tamen
1301 1866 1382 1897 non
1412 1858 1474 1896 est
1502 1854 1730 1906 verisimile,
1760 1853 2061 1897 adolescentem
2090 1855 2167 1896 iter
2204 1855 2268 1896 in-

91 1943 325 1985 gressurum
355 1935 477 1972 totam
506 1942 581 1982 per
610 1933 770 1971 noctem
800 1942 895 1972 esse
934 1928 1180 1979 meditatum,
1220 1926 1292 1970 sed
1333 1927 1371 1968 ei
1413 1926 1571 1970 videtur
1611 1927 1848 1982 contigisse,
1883 1931 1924 1968 ut
1964 1928 2004 1969 in
2048 1928 2267 1970 maerendo

91 2003 424 2054 obdormisceret,
456 2007 498 2044 ut
524 2002 670 2057 odyss,
694 2001 861 2052 12‚211.
888 2000 1184 2043 κλαιόντεσσιν
1213 1999 1413 2057 ἐπήλυθε
1433 1998 1623 2056 νήδυμος
1646 1993 1794 2049 ὕπνος.
1823 2002 2021 2050 Quocirca
2043 2001 2125 2042 noli
2148 2013 2266 2044 com-

89 2082 190 2118 mata
212 2082 302 2130 post
322 2074 563 2129 παννύχιος
593 2081 632 2117 et
660 2073 968 2129 oe'w'tcpponere.
997 2099 1052 2106 —
1083 2074 1203 2129 Apud
1231 2075 1438 2118 Lucianum
1468 2076 1602 2118 Somn.
1633 2088 1669 2118 c.
1694 2075 1735 2118 4.
1766 2080 1858 2130 post
1885 2076 2026 2117 verba:
2058 2075 2157 2116 ἐπεὶ
2185 2073 2267 2125 vri}
2322 2068 2326 2073 ⁴

88 2148 279 2205 ἐπῆλθε,
315 2149 589 2204 κατέδαρθον
619 2147 678 2189 ἔτ’
698 2148 902 2203 ἔνδακρυς
931 2148 1005 2189 καὶ
1033 2147 1112 2204 τήν
1142 2145 1275 2201 νύχθ’
1305 2144 1407 2204 ὅλην
1442 2149 1625 2201 ε’ννοῶν,
1656 2149 1752 2191 nihil
1781 2147 1940 2199 excidit3
1971 2148 2009 2189 id
2041 2149 2147 2204 quod
2174 2162 2264 2192 cum

87 2222 307 2263 Bekkero
324 2227 363 2263 et
381 2222 634 2264 Dindorl'io
653 2223 888 2263 existimavit
902 2222 945 2263 F.
965 2222 1008 2264 V.
1024 2222 1055 2263 F
1063 2223 1338 2274 ritzschius,
1368 2222 1440 2264 sed
1455 2223 1658 2277 ἔνδακρυς
1674 2221 1729 2277 δή
1743 2220 1823 2278 τήν
1836 2220 1974 2274 νύχθ’
1986 2223 2263 2277 reponendum

86 2299 161 2337 est.
239 2295 409 2337 Puerum
448 2296 548 2337 male
588 2296 800 2337 mulcatum
845 2307 1006 2338 somnus
1047 2295 1204 2349 quidem
1240 2296 1422 2349 arripuit,
1465 2296 1540 2337 sed
1574 2296 1872 2339 lacrimantibus
1901 2295 2025 2337 oculis
2054 2299 2096 2338 et
2124 2296 2192 2346 ita,
2220 2300 2265 2337 ut

85 2379 184 2410 cura
212 2373 381 2409 vexatus
410 2381 483 2421 per
512 2374 631 2411 totam
661 2373 824 2410 noctem
855 2379 1135 2422 nonnunquam
1166 2369 1522 2423 expergisceretur
1552 2373 1593 2411 et
1621 2381 1711 2411 cum
1750 2369 1994 2410 semisomno
2032 2368 2164 2411 animo
2193 2379 2263 2409 re-

82 2445 253 2494 putaret.
313 2440 429 2487 Quod
459 2442 580 2494 ipsum
611 2447 651 2482 ut
682 2442 828 2482 dictum
860 2446 989 2491 esset,
1021 2441 1111 2482 olim
1142 2442 1319 2484 conieci:
1353 2439 1434 2498 τήν
1462 2439 1580 2484 νύκτ’
1609 2440 1738 2482 ἐνίοτ’
1772 2441 1839 2483 vel
1872 2439 1960 2482 ἔστ’
1987 2436 2051 2482 ὅτ’
2088 2440 2260 2482 ἐννοῶν.

82 2513 141 2555 Cf.
172 2513 332 2568 steph.
363 2513 480 2557 Thes,
512 2515 579 2556 Gr.
609 2515 654 2556 L.
682 2529 714 2557 s.
745 2528 785 2555 v.
816 2514 975 2561 ἔννους.
1006 2536 1059 2544 --
1090 2515 1249 2557 Lucian,
1268 2515 1403 2558 Somn.
1423 2528 1459 2558 c.
1484 2515 1526 2557 3.
1551 2516 1644 2558 olim
1667 2516 1841 2559 conieciz
1871 2510 1981 2556 ὥστε
2000 2510 2167 2570 δάκρυά
2184 2528 2261 2568 μοι

79 2577 134 2640 ἦν
160 2590 374 2644 προοίμια
400 2587 478 2644 τῆς
504 2593 672 2643 τέχνης,
697 2590 761 2630 vel
789 2584 889 2630 ὥστ’
916 2579 995 2644 ἧνς
1026 2601 1129 2631 nunc
1155 2601 1332 2643 repono:
1363 2586 1531 2644 δάκρυά
1553 2603 1629 2643 μοι
1658 2585 1993 2645 ἐπροοιμιάζετο
2020 2592 2172 2646 τέχνης
2193 2588 2260 2633 vel

78 2665 244 2716 τέχνην.
262 2661 359 2704 Hinc
372 2661 466 2704 illae
482 2661 641 2703 turbae!
673 2663 911 2717 exquisitum
925 2662 1090 2705 verbum
1114 2663 1297 2705 librarios
1315 2664 1355 2707 in
1374 2676 1554 2707 errorem
1570 2664 1734 2708 induxit.
1750 2663 1809 2705 Cf.
1826 2661 2259 2718 Stephan.'1'hes.Gr.

80 2733 124 2776 1..
156 2745 188 2776 s.
219 2747 256 2777 v.
286 2733 629 2791 προοιμιάζομαι
657 2736 783 2786 (ζω),
814 2737 880 2777 ubi
910 2741 1041 2779 tamen
1071 2737 1320 2779 desideratur
1348 2737 1512 2779 Luciani
1542 2739 1666 2793 ipsius
1695 2738 1933 2790 auctoritas3
1967 2737 2060 2780 vide
2089 2737 2202 2793 Nigr.
2221 2749 2257 2778 c.
