<?xml version="1.0" encoding="UTF-8"?>
<!DOCTYPE html PUBLIC "-//W3C//DTD XHTML 1.0 Transitional//EN"
    "http://www.w3.org/TR/xhtml1/DTD/xhtml1-transitional.dtd">
<html xmlns="http://www.w3.org/1999/xhtml" xml:lang="en" lang="en">
 <head>
  <title>
</title>
<meta http-equiv="Content-Type" content="text/html;charset=utf-8" />
  <meta name='ocr-system' content='tesseract 3.04.00' />
  <meta name='ocr-capabilities' content='ocr_page ocr_carea ocr_par ocr_line ocrx_word'/>
</head>
<body>
  <div class='ocr_page' id='page_1' title='image "4770992_0057.png"; bbox 0 0 2360 3024; ppageno 0'>
   <div class='ocr_carea' id='block_1_1' title="bbox 991 218 1343 273">
    <p class='ocr_par' dir='ltr' id='par_1_1' title="bbox 991 218 1343 273">
     <span class='ocr_line' id='line_1_1' title="bbox 991 218 1343 273; baseline -0.009 -14"><span class='ocrx_word' id='word_1_1' title='bbox 991 238 1107 268; x_wconf 61' lang='grc' dir='ltr'><strong>...η</strong></span> <span class='ocrx_word' id='word_1_2' title='bbox 1136 218 1195 273; x_wconf 78' lang='lat'><strong>2¹¹1</strong></span> <span class='ocrx_word' id='word_1_3' title='bbox 1227 234 1343 264; x_wconf 62' lang='grc' dir='ltr'><strong>μ...-</strong></span> 
     </span>
    </p>
   </div>
   <div class='ocr_carea' id='block_1_2' title="bbox 83 339 2237 922">
    <p class='ocr_par' dir='ltr' id='par_1_2' title="bbox 83 339 2234 777">
     <span class='ocr_line' id='line_1_2' title="bbox 91 339 2234 412; baseline 0.001 -16"><span class='ocrx_word' id='word_1_4' title='bbox 91 349 211 410; x_wconf 82' lang='lat' dir='ltr'><strong>glove</strong></span> <span class='ocrx_word' id='word_1_5' title='bbox 239 353 342 395; x_wconf 77' lang='lat' dir='ltr'><strong>from</strong></span> <span class='ocrx_word' id='word_1_6' title='bbox 370 352 429 394; x_wconf 85' lang='lat' dir='ltr'><strong>his</strong></span> <span class='ocrx_word' id='word_1_7' title='bbox 457 353 582 395; x_wconf 89' lang='lat' dir='ltr'><strong>helm:</strong></span> <span class='ocrx_word' id='word_1_8' title='bbox 620 353 654 394; x_wconf 79' lang='lat' dir='ltr'><strong>if</strong></span> <span class='ocrx_word' id='word_1_9' title='bbox 679 365 759 407; x_wconf 75' lang='lat' dir='ltr'><strong>any</strong></span> <span class='ocrx_word' id='word_1_10' title='bbox 785 360 875 395; x_wconf 88' lang='lat' dir='ltr'><strong>man</strong></span> <span class='ocrx_word' id='word_1_11' title='bbox 905 353 1112 409; x_wconf 85' lang='lat' dir='ltr'><strong>challenge</strong></span> <span class='ocrx_word' id='word_1_12' title='bbox 1142 356 1230 407; x_wconf 85' lang='lat' dir='ltr'><strong>this,</strong></span> <span class='ocrx_word' id='word_1_13' title='bbox 1259 356 1310 397; x_wconf 83' lang='lat' dir='ltr'><strong>he</strong></span> <span class='ocrx_word' id='word_1_14' title='bbox 1339 355 1373 396; x_wconf 88' lang='lat' dir='ltr'><strong>is</strong></span> <span class='ocrx_word' id='word_1_15' title='bbox 1403 353 1566 396; x_wconf 83' lang='lat' dir='ltr'><strong>afriend</strong></span> <span class='ocrx_word' id='word_1_16' title='bbox 1594 359 1636 396; x_wconf 86' lang='lat' dir='ltr'><strong>to</strong></span> <span class='ocrx_word' id='word_1_17' title='bbox 1652 354 1848 407; x_wconf 83' lang='lat' dir='ltr'><strong>Alencon‚</strong></span> <span class='ocrx_word' id='word_1_18' title='bbox 1878 354 1952 396; x_wconf 87' lang='lat' dir='ltr'><strong>and</strong></span> <span class='ocrx_word' id='word_1_19' title='bbox 1970 368 2019 397; x_wconf 87' lang='lat' dir='ltr'><strong>an</strong></span> <span class='ocrx_word' id='word_1_20' title='bbox 2033 339 2177 412; x_wconf 77' lang='lat' dir='ltr'><strong>enemy</strong></span> <span class='ocrx_word' id='word_1_21' title='bbox 2188 361 2234 399; x_wconf 82' lang='lat' dir='ltr'><strong>to</strong></span> 
     </span>
     <span class='ocr_line' id='line_1_3' title="bbox 92 428 2234 483; baseline 0.001 -14"><span class='ocrx_word' id='word_1_22' title='bbox 92 441 168 471; x_wconf 83' lang='lat' dir='ltr'><strong>our</strong></span> <span class='ocrx_word' id='word_1_23' title='bbox 196 439 359 481; x_wconf 87' lang='lat' dir='ltr'><strong>person;</strong></span> <span class='ocrx_word' id='word_1_24' title='bbox 399 428 433 468; x_wconf 81' lang='lat' dir='ltr'><strong>if</strong></span> <span class='ocrx_word' id='word_1_25' title='bbox 468 428 567 468; x_wconf 91' lang='lat' dir='ltr'><strong>thou</strong></span> <span class='ocrx_word' id='word_1_26' title='bbox 608 432 828 469; x_wconf 85' lang='lat' dir='ltr'><strong>encounter</strong></span> <span class='ocrx_word' id='word_1_27' title='bbox 866 439 943 481; x_wconf 74' lang='lat' dir='ltr'><strong>any</strong></span> <span class='ocrx_word' id='word_1_28' title='bbox 982 429 1102 479; x_wconf 88' lang='lat' dir='ltr'><strong>such,</strong></span> <span class='ocrx_word' id='word_1_29' title='bbox 1147 428 1380 483; x_wconf 88' lang='lat' dir='ltr'><strong>apprehend</strong></span> <span class='ocrx_word' id='word_1_30' title='bbox 1419 428 1514 479; x_wconf 87' lang='lat' dir='ltr'>him,</span> <span class='ocrx_word' id='word_1_31' title='bbox 1557 428 1632 470; x_wconf 90' lang='lat' dir='ltr'><strong>and</strong></span> <span class='ocrx_word' id='word_1_32' title='bbox 1671 429 1767 470; x_wconf 84' lang='lat' dir='ltr'><strong>thou</strong></span> <span class='ocrx_word' id='word_1_33' title='bbox 1807 428 1898 470; x_wconf 82' lang='lat' dir='ltr'><strong>dost</strong></span> <span class='ocrx_word' id='word_1_34' title='bbox 1934 441 1998 471; x_wconf 88' lang='lat' dir='ltr'><strong>me</strong></span> <span class='ocrx_word' id='word_1_35' title='bbox 2034 429 2141 472; x_wconf 88' lang='lat' dir='ltr'><strong>love.</strong></span> <span class='ocrx_word' id='word_1_36' title='bbox 2179 452 2234 460; x_wconf 97' lang='lat'><strong>—</strong></span> 
     </span>
     <span class='ocr_line' id='line_1_4' title="bbox 89 500 2234 556; baseline 0 -12"><span class='ocrx_word' id='word_1_37' title='bbox 89 501 172 545; x_wconf 58' lang='lat' dir='ltr'><strong>Fi:</strong></span> <span class='ocrx_word' id='word_1_38' title='bbox 198 501 307 543; x_wconf 83' lang='lat' dir='ltr'><strong>Your</strong></span> <span class='ocrx_word' id='word_1_39' title='bbox 334 512 455 555; x_wconf 82' lang='lat' dir='ltr'><strong>grace</strong></span> <span class='ocrx_word' id='word_1_40' title='bbox 486 500 585 543; x_wconf 89' lang='lat' dir='ltr'><strong>does</strong></span> <span class='ocrx_word' id='word_1_41' title='bbox 619 512 682 542; x_wconf 90' lang='lat' dir='ltr'><strong>me</strong></span> <span class='ocrx_word' id='word_1_42' title='bbox 721 512 764 542; x_wconf 92' lang='lat' dir='ltr'><strong>as</strong></span> <span class='ocrx_word' id='word_1_43' title='bbox 799 505 914 556; x_wconf 82' lang='lat' dir='ltr'><strong>great</strong></span> <span class='ocrx_word' id='word_1_44' title='bbox 948 500 1142 553; x_wconf 86' lang='lat' dir='ltr'>honours,</span> <span class='ocrx_word' id='word_1_45' title='bbox 1175 514 1221 545; x_wconf 80' lang='lat' dir='ltr'><strong>as</strong></span> <span class='ocrx_word' id='word_1_46' title='bbox 1250 514 1324 545; x_wconf 91' lang='lat' dir='ltr'><strong>can</strong></span> <span class='ocrx_word' id='word_1_47' title='bbox 1353 501 1405 544; x_wconf 91' lang='lat' dir='ltr'><strong>be</strong></span> <span class='ocrx_word' id='word_1_48' title='bbox 1435 500 1592 544; x_wconf 86' lang='lat' dir='ltr'><strong>desired</strong></span> <span class='ocrx_word' id='word_1_49' title='bbox 1619 502 1661 544; x_wconf 89' lang='lat' dir='ltr'><strong>in</strong></span> <span class='ocrx_word' id='word_1_50' title='bbox 1694 502 1761 544; x_wconf 81' lang='lat' dir='ltr'><strong>the</strong></span> <span class='ocrx_word' id='word_1_51' title='bbox 1798 502 1933 544; x_wconf 86' lang='lat' dir='ltr'><strong>hearts</strong></span> <span class='ocrx_word' id='word_1_52' title='bbox 1969 500 2015 543; x_wconf 82' lang='lat' dir='ltr'><strong>of</strong></span> <span class='ocrx_word' id='word_1_53' title='bbox 2044 502 2105 545; x_wconf 87' lang='lat' dir='ltr'><strong>his</strong></span> <span class='ocrx_word' id='word_1_54' title='bbox 2133 503 2234 545; x_wconf 84' lang='lat' dir='ltr'><strong>sub-</strong></span> 
     </span>
     <span class='ocr_line' id='line_1_5' title="bbox 83 574 2234 632; baseline 0 -16"><span class='ocrx_word' id='word_1_55' title='bbox 83 576 203 631; x_wconf 88' lang='lat' dir='ltr'><strong>jects:</strong></span> <span class='ocrx_word' id='word_1_56' title='bbox 232 574 256 615; x_wconf 84' lang='lat' dir='ltr'>J</span> <span class='ocrx_word' id='word_1_57' title='bbox 285 574 419 617; x_wconf 88' lang='lat' dir='ltr'><strong>would</strong></span> <span class='ocrx_word' id='word_1_58' title='bbox 448 574 526 615; x_wconf 81' lang='lat' dir='ltr'><strong>fain</strong></span> <span class='ocrx_word' id='word_1_59' title='bbox 556 586 628 617; x_wconf 90' lang='lat' dir='ltr'><strong>see</strong></span> <span class='ocrx_word' id='word_1_60' title='bbox 659 575 724 615; x_wconf 83' lang='lat' dir='ltr'><strong>the</strong></span> <span class='ocrx_word' id='word_1_61' title='bbox 758 586 860 625; x_wconf 86' lang='lat' dir='ltr'><strong>man,</strong></span> <span class='ocrx_word' id='word_1_62' title='bbox 888 574 987 615; x_wconf 90' lang='lat' dir='ltr'><strong>that</strong></span> <span class='ocrx_word' id='word_1_63' title='bbox 1014 575 1096 617; x_wconf 86' lang='lat' dir='ltr'><strong>has</strong></span> <span class='ocrx_word' id='word_1_64' title='bbox 1130 575 1209 617; x_wconf 87' lang='lat' dir='ltr'><strong>but</strong></span> <span class='ocrx_word' id='word_1_65' title='bbox 1237 580 1329 617; x_wconf 85' lang='lat' dir='ltr'><strong>two</strong></span> <span class='ocrx_word' id='word_1_66' title='bbox 1358 574 1484 631; x_wconf 84' lang='lat' dir='ltr'><strong>legs,</strong></span> <span class='ocrx_word' id='word_1_67' title='bbox 1519 575 1601 617; x_wconf 90' lang='lat' dir='ltr'><strong>that</strong></span> <span class='ocrx_word' id='word_1_68' title='bbox 1627 574 1728 617; x_wconf 82' lang='lat' dir='ltr'><strong>shall</strong></span> <span class='ocrx_word' id='word_1_69' title='bbox 1747 575 1828 617; x_wconf 88' lang='lat' dir='ltr'><strong>find</strong></span> <span class='ocrx_word' id='word_1_70' title='bbox 1849 574 2006 618; x_wconf 76' lang='lat' dir='ltr'><strong>himself</strong></span> <span class='ocrx_word' id='word_1_71' title='bbox 2022 575 2234 632; x_wconf 77' lang='lat' dir='ltr'><strong>aggriel&#39;ed</strong></span> 
     </span>
     <span class='ocr_line' id='line_1_6' title="bbox 89 648 2233 703; baseline 0.001 -14"><span class='ocrx_word' id='word_1_72' title='bbox 89 654 130 689; x_wconf 85' lang='lat' dir='ltr'><strong>at</strong></span> <span class='ocrx_word' id='word_1_73' title='bbox 157 649 231 688; x_wconf 85' lang='lat' dir='ltr'><strong>this</strong></span> <span class='ocrx_word' id='word_1_74' title='bbox 261 649 396 702; x_wconf 84' lang='lat' dir='ltr'><strong>glove‚</strong></span> <span class='ocrx_word' id='word_1_75' title='bbox 424 649 507 688; x_wconf 85' lang='lat' dir='ltr'><strong>that</strong></span> <span class='ocrx_word' id='word_1_76' title='bbox 534 649 568 688; x_wconf 86' lang='lat' dir='ltr'><strong>is</strong></span> <span class='ocrx_word' id='word_1_77' title='bbox 597 648 645 687; x_wconf 88' lang='lat' dir='ltr'><strong>all</strong></span> <span class='ocrx_word' id='word_1_78' title='bbox 654 662 667 697; x_wconf 82' lang='lat'><em>3</em></span> <span class='ocrx_word' id='word_1_79' title='bbox 698 649 766 688; x_wconf 93' lang='lat' dir='ltr'><strong>but</strong></span> <span class='ocrx_word' id='word_1_80' title='bbox 791 648 816 687; x_wconf 89' lang='lat' dir='ltr'>J</span> <span class='ocrx_word' id='word_1_81' title='bbox 845 648 976 689; x_wconf 89' lang='lat' dir='ltr'><strong>would</strong></span> <span class='ocrx_word' id='word_1_82' title='bbox 1000 648 1086 689; x_wconf 78' lang='lat' dir='ltr'><strong>fain</strong></span> <span class='ocrx_word' id='word_1_83' title='bbox 1101 661 1170 690; x_wconf 90' lang='lat' dir='ltr'><strong>see</strong></span> <span class='ocrx_word' id='word_1_84' title='bbox 1198 650 1228 690; x_wconf 96' lang='lat' dir='ltr'><strong>it</strong></span> <span class='ocrx_word' id='word_1_85' title='bbox 1257 660 1373 699; x_wconf 92' lang='lat' dir='ltr'><strong>once,</strong></span> <span class='ocrx_word' id='word_1_86' title='bbox 1403 648 1480 690; x_wconf 91' lang='lat' dir='ltr'><strong>and</strong></span> <span class='ocrx_word' id='word_1_87' title='bbox 1506 650 1642 703; x_wconf 88' lang='lat' dir='ltr'><strong>please</strong></span> <span class='ocrx_word' id='word_1_88' title='bbox 1659 649 1746 690; x_wconf 86' lang='lat' dir='ltr'><strong>God</strong></span> <span class='ocrx_word' id='word_1_89' title='bbox 1776 648 1823 690; x_wconf 80' lang='lat' dir='ltr'><strong>of</strong></span> <span class='ocrx_word' id='word_1_90' title='bbox 1848 650 1910 691; x_wconf 87' lang='lat' dir='ltr'><strong>his</strong></span> <span class='ocrx_word' id='word_1_91' title='bbox 1928 661 2067 703; x_wconf 84' lang='lat' dir='ltr'><strong>grace,</strong></span> <span class='ocrx_word' id='word_1_92' title='bbox 2096 650 2181 691; x_wconf 84' lang='lat' dir='ltr'><strong>that</strong></span> <span class='ocrx_word' id='word_1_93' title='bbox 2207 650 2233 692; x_wconf 87' lang='lat' dir='ltr'>J</span> 
     </span>
     <span class='ocr_line' id='line_1_7' title="bbox 89 723 442 777; baseline 0 -15"><span class='ocrx_word' id='word_1_94' title='bbox 89 723 216 777; x_wconf 87' lang='lat' dir='ltr'><strong>might</strong></span> <span class='ocrx_word' id='word_1_95' title='bbox 242 723 354 762; x_wconf 88' lang='lat' dir='ltr'><strong>see.“</strong></span> <span class='ocrx_word' id='word_1_96' title='bbox 387 744 442 751; x_wconf 96' lang='lat'><strong>—</strong></span> 
     </span>
    </p>

    <p class='ocr_par' dir='ltr' id='par_1_3' title="bbox 89 790 2237 922">
     <span class='ocr_line' id='line_1_8' title="bbox 199 790 2237 846; baseline -0.001 -10"><span class='ocrx_word' id='word_1_97' title='bbox 199 795 299 836; x_wconf 90' lang='lat' dir='ltr'><strong>lllud</strong></span> <span class='ocrx_word' id='word_1_98' title='bbox 334 795 385 836; x_wconf 87' lang='lat' dir='ltr'><strong>ad</strong></span> <span class='ocrx_word' id='word_1_99' title='bbox 425 799 643 836; x_wconf 79' lang='lat' dir='ltr'><strong>extremum</strong></span> <span class='ocrx_word' id='word_1_100' title='bbox 680 807 876 846; x_wconf 88' lang='lat' dir='ltr'><strong>memoro,</strong></span> <span class='ocrx_word' id='word_1_101' title='bbox 913 796 955 836; x_wconf 91' lang='lat' dir='ltr'><strong>in</strong></span> <span class='ocrx_word' id='word_1_102' title='bbox 995 796 1187 837; x_wconf 90' lang='lat' dir='ltr'><strong>eiusmodi</strong></span> <span class='ocrx_word' id='word_1_103' title='bbox 1217 797 1429 837; x_wconf 78' lang='lat' dir='ltr'><strong>enuntiatis</strong></span> <span class='ocrx_word' id='word_1_104' title='bbox 1457 790 1567 836; x_wconf 82' lang='grc' dir='ltr'><strong><em>εἶναι</em></strong></span> <span class='ocrx_word' id='word_1_105' title='bbox 1596 798 1713 837; x_wconf 90' lang='lat' dir='ltr'><strong>etiam</strong></span> <span class='ocrx_word' id='word_1_106' title='bbox 1743 796 1921 837; x_wconf 85' lang='lat' dir='ltr'><strong>oratorie</strong></span> <span class='ocrx_word' id='word_1_107' title='bbox 1949 796 2098 845; x_wconf 87' lang='lat' dir='ltr'><strong>iterari,</strong></span> <span class='ocrx_word' id='word_1_108' title='bbox 2129 795 2237 836; x_wconf 80' lang='lat' dir='ltr'><strong>velut</strong></span> 
     </span>
     <span class='ocr_line' id='line_1_9' title="bbox 89 867 636 922; baseline 0.005 -13"><span class='ocrx_word' id='word_1_109' title='bbox 89 867 191 922; x_wconf 90' lang='lat' dir='ltr'><strong>apud</strong></span> <span class='ocrx_word' id='word_1_110' title='bbox 221 868 342 922; x_wconf 86' lang='lat' dir='ltr'><strong>Soph.</strong></span> <span class='ocrx_word' id='word_1_111' title='bbox 370 868 463 910; x_wconf 80' lang='lat' dir='ltr'><strong>Phil.</strong></span> <span class='ocrx_word' id='word_1_112' title='bbox 496 867 636 912; x_wconf 74' lang='lat' dir='ltr'><strong>124¹.x</strong></span> 
     </span>
    </p>
   </div>
   <div class='ocr_carea' id='block_1_3' title="bbox 410 939 1487 998">
    <p class='ocr_par' dir='ltr' id='par_1_4' title="bbox 410 939 1487 998">
     <span class='ocr_line' id='line_1_10' title="bbox 410 939 1487 998; baseline 0.002 -16"><span class='ocrx_word' id='word_1_113' title='bbox 410 939 554 983; x_wconf 79' lang='grc' dir='ltr'><strong><em>’Ἑστιν</em></strong></span> <span class='ocrx_word' id='word_1_114' title='bbox 582 956 657 993; x_wconf 90' lang='grc' dir='ltr'><strong><em>τις,</em></strong></span> <span class='ocrx_word' id='word_1_115' title='bbox 687 942 815 993; x_wconf 84' lang='grc' dir='ltr'><strong><em>ἔστιν,</em></strong></span> <span class='ocrx_word' id='word_1_116' title='bbox 847 939 894 990; x_wconf 78' lang='grc' dir='ltr'><strong>ὃς</strong></span> <span class='ocrx_word' id='word_1_117' title='bbox 922 951 971 983; x_wconf 87' lang='grc' dir='ltr'><strong>σε</strong></span> <span class='ocrx_word' id='word_1_118' title='bbox 997 940 1176 984; x_wconf 74' lang='grc' dir='ltr'><strong><em>κωλύσει</em></strong></span> <span class='ocrx_word' id='word_1_119' title='bbox 1203 941 1253 984; x_wconf 76' lang='grc' dir='ltr'><strong>τό</strong></span> <span class='ocrx_word' id='word_1_120' title='bbox 1282 943 1403 998; x_wconf 80' lang='grc' dir='ltr'><strong><em>δρᾶν.</em></strong></span> <span class='ocrx_word' id='word_1_121' title='bbox 1433 967 1487 974; x_wconf 91' lang='grc'><strong>--</strong></span> 
     </span>
    </p>
   </div>
   <div class='ocr_carea' id='block_1_4' title="bbox 758 1047 1559 1128">
    <p class='ocr_par' dir='ltr' id='par_1_5' title="bbox 758 1047 1559 1128">
     <span class='ocr_line' id='line_1_11' title="bbox 758 1047 1559 1128; baseline -0.004 -15"><span class='ocrx_word' id='word_1_122' title='bbox 758 1047 960 1128; x_wconf 83' lang='lat' dir='ltr'><strong>Odyss.</strong></span> <span class='ocrx_word' id='word_1_123' title='bbox 1002 1048 1122 1112; x_wconf 88' lang='lat' dir='ltr'>Lib.</span> <span class='ocrx_word' id='word_1_124' title='bbox 1162 1048 1286 1113; x_wconf 88' lang='lat' dir='ltr'><strong>VII.</strong></span> <span class='ocrx_word' id='word_1_125' title='bbox 1352 1067 1406 1112; x_wconf 86' lang='lat' dir='ltr'><strong>v.</strong></span> <span class='ocrx_word' id='word_1_126' title='bbox 1447 1053 1559 1113; x_wconf 80' lang='lat'><strong>69.:</strong></span> 
     </span>
    </p>
   </div>
   <div class='ocr_carea' id='block_1_5' title="bbox 84 1156 2233 1729">
    <p class='ocr_par' dir='ltr' id='par_1_6' title="bbox 422 1156 1467 1214">
     <span class='ocr_line' id='line_1_12' title="bbox 422 1156 1467 1214; baseline 0 -16"><span class='ocrx_word' id='word_1_127' title='bbox 422 1156 476 1206; x_wconf 78' lang='grc' dir='ltr'><strong>ὥς</strong></span> <span class='ocrx_word' id='word_1_128' title='bbox 503 1160 619 1212; x_wconf 90' lang='grc' dir='ltr'><strong><em>κείνη</em></strong></span> <span class='ocrx_word' id='word_1_129' title='bbox 648 1157 746 1213; x_wconf 83' lang='grc' dir='ltr'><strong>περὶ</strong></span> <span class='ocrx_word' id='word_1_130' title='bbox 775 1158 870 1214; x_wconf 82' lang='grc' dir='ltr'><strong>κῆρι</strong></span> <span class='ocrx_word' id='word_1_131' title='bbox 900 1159 1129 1213; x_wconf 84' lang='grc' dir='ltr'><strong><em>τετίμηταί</em></strong></span> <span class='ocrx_word' id='word_1_132' title='bbox 1152 1173 1199 1199; x_wconf 87' lang='grc' dir='ltr'><strong>τε</strong></span> <span class='ocrx_word' id='word_1_133' title='bbox 1227 1157 1298 1198; x_wconf 83' lang='grc' dir='ltr'><strong><em>καὶ</em></strong></span> <span class='ocrx_word' id='word_1_134' title='bbox 1328 1158 1467 1210; x_wconf 82' lang='grc' dir='ltr'><strong><em>ἔστιν)</em></strong></span> 
     </span>
    </p>

    <p class='ocr_par' dir='ltr' id='par_1_7' title="bbox 84 1230 2233 1650">
     <span class='ocr_line' id='line_1_13' title="bbox 197 1230 2232 1287; baseline -0 -14"><span class='ocrx_word' id='word_1_135' title='bbox 197 1232 397 1274; x_wconf 74' lang='lat' dir='ltr'><strong>Hunccine</strong></span> <span class='ocrx_word' id='word_1_136' title='bbox 426 1233 674 1287; x_wconf 81' lang='lat' dir='ltr'><strong>scripturam!</strong></span> <span class='ocrx_word' id='word_1_137' title='bbox 713 1255 769 1263; x_wconf 95' lang='lat'>—</span> <span class='ocrx_word' id='word_1_138' title='bbox 805 1233 1050 1274; x_wconf 84' lang='lat' dir='ltr'><strong>balbutientis</strong></span> <span class='ocrx_word' id='word_1_139' title='bbox 1080 1232 1193 1273; x_wconf 86' lang='lat' dir='ltr'><strong>audio</strong></span> <span class='ocrx_word' id='word_1_140' title='bbox 1223 1232 1360 1282; x_wconf 90' lang='lat' dir='ltr'><strong>verba,</strong></span> <span class='ocrx_word' id='word_1_141' title='bbox 1394 1243 1473 1272; x_wconf 89' lang='lat' dir='ltr'><strong>non</strong></span> <span class='ocrx_word' id='word_1_142' title='bbox 1502 1231 1719 1286; x_wconf 88' lang='lat' dir='ltr'><strong>loquentisl</strong></span> <span class='ocrx_word' id='word_1_143' title='bbox 1745 1252 1802 1263; x_wconf 96' lang='lat'><strong>—</strong></span> <span class='ocrx_word' id='word_1_144' title='bbox 1828 1231 1888 1272; x_wconf 77' lang='lat' dir='ltr'><strong>Cf.</strong></span> <span class='ocrx_word' id='word_1_145' title='bbox 1918 1242 2023 1286; x_wconf 82' lang='lat' dir='ltr'><strong>quae</strong></span> <span class='ocrx_word' id='word_1_146' title='bbox 2047 1230 2097 1272; x_wconf 88' lang='lat' dir='ltr'><strong>ad</strong></span> <span class='ocrx_word' id='word_1_147' title='bbox 2121 1230 2232 1272; x_wconf 79' lang='lat' dir='ltr'><strong>Iliad.</strong></span> 
     </span>
     <span class='ocr_line' id='line_1_14' title="bbox 85 1303 2232 1360; baseline -0 -13"><span class='ocrx_word' id='word_1_148' title='bbox 85 1303 224 1356; x_wconf 79' lang='lat'><strong>3‚180.</strong></span> <span class='ocrx_word' id='word_1_149' title='bbox 259 1307 440 1347; x_wconf 78' lang='lat' dir='ltr'><strong>annotavi</strong></span> <span class='ocrx_word' id='word_1_150' title='bbox 479 1311 521 1347; x_wconf 87' lang='lat' dir='ltr'><strong>et</strong></span> <span class='ocrx_word' id='word_1_151' title='bbox 555 1306 604 1347; x_wconf 92' lang='lat' dir='ltr'><strong>ad</strong></span> <span class='ocrx_word' id='word_1_152' title='bbox 644 1306 787 1359; x_wconf 82' lang='lat' dir='ltr'><strong>Odyss.</strong></span> <span class='ocrx_word' id='word_1_153' title='bbox 823 1305 963 1356; x_wconf 83' lang='lat'><strong>4,546.</strong></span> <span class='ocrx_word' id='word_1_154' title='bbox 1024 1306 1198 1347; x_wconf 88' lang='lat' dir='ltr'><strong>Permira</strong></span> <span class='ocrx_word' id='word_1_155' title='bbox 1236 1306 1298 1346; x_wconf 90' lang='lat' dir='ltr'><strong>hic</strong></span> <span class='ocrx_word' id='word_1_156' title='bbox 1336 1306 1505 1360; x_wconf 82' lang='lat' dir='ltr'><strong>fingunt3</strong></span> <span class='ocrx_word' id='word_1_157' title='bbox 1542 1306 1681 1346; x_wconf 87' lang='lat' dir='ltr'><strong>credat</strong></span> <span class='ocrx_word' id='word_1_158' title='bbox 1718 1305 1897 1347; x_wconf 86' lang='lat' dir='ltr'><strong>Judaeus</strong></span> <span class='ocrx_word' id='word_1_159' title='bbox 1931 1304 2099 1358; x_wconf 82' lang='lat' dir='ltr'><strong>Apellal</strong></span> <span class='ocrx_word' id='word_1_160' title='bbox 2128 1304 2232 1346; x_wconf 81' lang='lat' dir='ltr'><strong>male</strong></span> 
     </span>
     <span class='ocr_line' id='line_1_15' title="bbox 84 1377 2232 1432; baseline 0 -13"><span class='ocrx_word' id='word_1_161' title='bbox 84 1378 288 1421; x_wconf 82' lang='lat' dir='ltr'><strong>confertur</strong></span> <span class='ocrx_word' id='word_1_162' title='bbox 316 1378 387 1420; x_wconf 84' lang='lat' dir='ltr'><strong>Od.</strong></span> <span class='ocrx_word' id='word_1_163' title='bbox 427 1377 594 1429; x_wconf 84' lang='lat'><strong>24,263.</strong></span> <span class='ocrx_word' id='word_1_164' title='bbox 624 1382 665 1418; x_wconf 88' lang='lat' dir='ltr'><strong>et</strong></span> <span class='ocrx_word' id='word_1_165' title='bbox 693 1377 876 1428; x_wconf 80' lang='lat'><strong>16,437.;</strong></span> <span class='ocrx_word' id='word_1_166' title='bbox 915 1378 1027 1430; x_wconf 88' lang='lat' dir='ltr'><strong>vide,</strong></span> <span class='ocrx_word' id='word_1_167' title='bbox 1056 1391 1158 1432; x_wconf 86' lang='lat' dir='ltr'><strong>quae</strong></span> <span class='ocrx_word' id='word_1_168' title='bbox 1186 1380 1240 1420; x_wconf 92' lang='lat' dir='ltr'><strong>ibi</strong></span> <span class='ocrx_word' id='word_1_169' title='bbox 1269 1380 1475 1432; x_wconf 81' lang='lat' dir='ltr'><strong>annotavi3</strong></span> <span class='ocrx_word' id='word_1_170' title='bbox 1522 1379 1674 1420; x_wconf 89' lang='lat' dir='ltr'><strong>alienus</strong></span> <span class='ocrx_word' id='word_1_171' title='bbox 1702 1383 1765 1420; x_wconf 87' lang='lat' dir='ltr'><strong>est</strong></span> <span class='ocrx_word' id='word_1_172' title='bbox 1792 1378 2075 1431; x_wconf 85' lang='lat' dir='ltr'><strong>Propertianus</strong></span> <span class='ocrx_word' id='word_1_173' title='bbox 2102 1377 2232 1427; x_wconf 89' lang='lat' dir='ltr'><strong>locus,</strong></span> 
     </span>
     <span class='ocr_line' id='line_1_16' title="bbox 84 1448 2233 1506; baseline -0.001 -13"><span class='ocrx_word' id='word_1_174' title='bbox 84 1449 277 1503; x_wconf 83' lang='lat'><strong>2,13‚38.,</strong></span> <span class='ocrx_word' id='word_1_175' title='bbox 304 1452 370 1492; x_wconf 91' lang='lat' dir='ltr'><strong>ubi</strong></span> <span class='ocrx_word' id='word_1_176' title='bbox 396 1448 604 1504; x_wconf 87' lang='grc' dir='ltr'><strong><em>πρότασις</em></strong></span> <span class='ocrx_word' id='word_1_177' title='bbox 633 1455 673 1491; x_wconf 88' lang='lat' dir='ltr'><strong>et</strong></span> <span class='ocrx_word' id='word_1_178' title='bbox 700 1448 912 1499; x_wconf 82' lang='grc' dir='ltr'><strong><em>α’πόδοσις</em></strong></span> <span class='ocrx_word' id='word_1_179' title='bbox 944 1457 1007 1494; x_wconf 91' lang='lat' dir='ltr'><strong>est</strong></span> <span class='ocrx_word' id='word_1_180' title='bbox 1036 1457 1076 1492; x_wconf 90' lang='lat' dir='ltr'><strong>et</strong></span> <span class='ocrx_word' id='word_1_181' title='bbox 1105 1452 1271 1493; x_wconf 89' lang='lat' dir='ltr'><strong>dilucida</strong></span> <span class='ocrx_word' id='word_1_182' title='bbox 1301 1453 1499 1494; x_wconf 84' lang='lat' dir='ltr'><strong>sententia</strong></span> <span class='ocrx_word' id='word_1_183' title='bbox 1534 1453 1781 1506; x_wconf 82' lang='lat' dir='ltr'><strong>simplexque</strong></span> <span class='ocrx_word' id='word_1_184' title='bbox 1818 1452 2061 1493; x_wconf 88' lang='lat' dir='ltr'><strong>constructio</strong></span> <span class='ocrx_word' id='word_1_185' title='bbox 2107 1463 2233 1505; x_wconf 79' lang='lat' dir='ltr'><strong>quae—</strong></span> 
     </span>
     <span class='ocr_line' id='line_1_17' title="bbox 85 1521 2232 1580; baseline -0 -15"><span class='ocrx_word' id='word_1_186' title='bbox 85 1524 174 1567; x_wconf 86' lang='lat' dir='ltr'><strong>dam</strong></span> <span class='ocrx_word' id='word_1_187' title='bbox 211 1524 260 1566; x_wconf 88' lang='lat' dir='ltr'><strong>ad</strong></span> <span class='ocrx_word' id='word_1_188' title='bbox 290 1525 484 1579; x_wconf 78' lang='lat' dir='ltr'><strong>synesim:</strong></span> <span class='ocrx_word' id='word_1_189' title='bbox 524 1547 580 1554; x_wconf 93' lang='lat'>—</span> <span class='ocrx_word' id='word_1_190' title='bbox 607 1536 776 1577; x_wconf 84' lang='lat' dir='ltr'><strong>repone:</strong></span> <span class='ocrx_word' id='word_1_191' title='bbox 805 1528 1031 1580; x_wconf 80' lang='grc' dir='ltr'><strong><em>τετίμηταί</em></strong></span> <span class='ocrx_word' id='word_1_192' title='bbox 1054 1523 1088 1578; x_wconf 87' lang='lat' dir='ltr'><strong>y’</strong></span> <span class='ocrx_word' id='word_1_193' title='bbox 1116 1525 1180 1566; x_wconf 82' lang='grc' dir='ltr'><strong><em>ἐνὶ</em></strong></span> <span class='ocrx_word' id='word_1_194' title='bbox 1213 1521 1353 1575; x_wconf 54' lang='grc' dir='ltr'><strong><em>ἄστεα·</em></strong></span> <span class='ocrx_word' id='word_1_195' title='bbox 1382 1526 1490 1579; x_wconf 89' lang='lat' dir='ltr'><strong>quod</strong></span> <span class='ocrx_word' id='word_1_196' title='bbox 1524 1525 1667 1567; x_wconf 89' lang='lat' dir='ltr'><strong>deinde</strong></span> <span class='ocrx_word' id='word_1_197' title='bbox 1702 1538 1777 1578; x_wconf 88' lang='lat' dir='ltr'><strong>per</strong></span> <span class='ocrx_word' id='word_1_198' title='bbox 1810 1526 1970 1578; x_wconf 87' lang='lat' dir='ltr'><strong>species</strong></span> <span class='ocrx_word' id='word_1_199' title='bbox 2000 1523 2232 1578; x_wconf 78' lang='lat' dir='ltr'><strong>explicatur.</strong></span> 
     </span>
     <span class='ocr_line' id='line_1_18' title="bbox 85 1589 1313 1650; baseline 0.002 -11"><span class='ocrx_word' id='word_1_200' title='bbox 85 1619 141 1628; x_wconf 89' lang='lat'>-</span> <span class='ocrx_word' id='word_1_201' title='bbox 171 1595 270 1639; x_wconf 82' lang='lat' dir='ltr'><strong>Olim</strong></span> <span class='ocrx_word' id='word_1_202' title='bbox 298 1598 474 1640; x_wconf 82' lang='lat' dir='ltr'><strong>conieci:</strong></span> <span class='ocrx_word' id='word_1_203' title='bbox 503 1589 754 1639; x_wconf 78' lang='grc' dir='ltr'><strong><em>πάντεσσιν.</em></strong></span> <span class='ocrx_word' id='word_1_204' title='bbox 784 1621 839 1629; x_wconf 90' lang='grc'><strong>-</strong></span> <span class='ocrx_word' id='word_1_205' title='bbox 870 1597 928 1642; x_wconf 83' lang='lat' dir='ltr'><strong>Cl&#39;.</strong></span> <span class='ocrx_word' id='word_1_206' title='bbox 958 1597 1032 1641; x_wconf 86' lang='lat' dir='ltr'><strong>Od.</strong></span> <span class='ocrx_word' id='word_1_207' title='bbox 1064 1596 1229 1650; x_wconf 83' lang='lat'><strong>14,205.</strong></span> <span class='ocrx_word' id='word_1_208' title='bbox 1256 1622 1313 1630; x_wconf 88' lang='lat'><strong>—</strong></span> 
     </span>
    </p>

    <p class='ocr_par' dir='ltr' id='par_1_8' title="bbox 197 1668 2230 1729">
     <span class='ocr_line' id='line_1_19' title="bbox 197 1668 2230 1729; baseline -0 -16"><span class='ocrx_word' id='word_1_209' title='bbox 197 1669 342 1727; x_wconf 75' lang='lat' dir='ltr'><strong>odyss,</strong></span> <span class='ocrx_word' id='word_1_210' title='bbox 371 1670 512 1724; x_wconf 85' lang='lat'><strong>8‚363.</strong></span> <span class='ocrx_word' id='word_1_211' title='bbox 542 1672 697 1714; x_wconf 88' lang='lat' dir='ltr'><strong>conieci</strong></span> <span class='ocrx_word' id='word_1_212' title='bbox 724 1672 763 1713; x_wconf 91' lang='lat' dir='ltr'><strong>in</strong></span> <span class='ocrx_word' id='word_1_213' title='bbox 792 1671 931 1728; x_wconf 75' lang='lat' dir='ltr'><strong>Progr.</strong></span> <span class='ocrx_word' id='word_1_214' title='bbox 962 1671 1074 1715; x_wconf 90' lang='lat' dir='ltr'><strong>Cruc.</strong></span> <span class='ocrx_word' id='word_1_215' title='bbox 1104 1671 1228 1715; x_wconf 82' lang='lat'><strong>1855.</strong></span> <span class='ocrx_word' id='word_1_216' title='bbox 1255 1685 1347 1729; x_wconf 83' lang='lat' dir='ltr'><strong>pag.</strong></span> <span class='ocrx_word' id='word_1_217' title='bbox 1384 1672 1467 1717; x_wconf 81' lang='lat'><strong>10.:</strong></span> <span class='ocrx_word' id='word_1_218' title='bbox 1504 1670 1679 1715; x_wconf 76' lang='grc' dir='ltr'><strong><em>ἐνθάδε.</em></strong></span> <span class='ocrx_word' id='word_1_219' title='bbox 1709 1695 1762 1705; x_wconf 92' lang='grc'>-</span> <span class='ocrx_word' id='word_1_220' title='bbox 1792 1671 1886 1715; x_wconf 90' lang='lat' dir='ltr'><strong>lbid.</strong></span> <span class='ocrx_word' id='word_1_221' title='bbox 1915 1684 1954 1713; x_wconf 80' lang='lat' dir='ltr'><strong>v.</strong></span> <span class='ocrx_word' id='word_1_222' title='bbox 1983 1671 2099 1715; x_wconf 78' lang='lat'><strong>546.:</strong></span> <span class='ocrx_word' id='word_1_223' title='bbox 2131 1668 2230 1713; x_wconf 69' lang='grc' dir='ltr'><strong><em>ἀντὶ</em></strong></span> 
     </span>
    </p>
   </div>
   <div class='ocr_carea' id='block_1_6' title="bbox 83 1744 746 1801">
    <p class='ocr_par' dir='ltr' id='par_1_9' title="bbox 83 1744 746 1801">
     <span class='ocr_line' id='line_1_20' title="bbox 83 1744 746 1801; baseline -0.002 -15"><span class='ocrx_word' id='word_1_224' title='bbox 83 1759 176 1786; x_wconf 78' lang='grc' dir='ltr'><strong><em>κασ.</em></strong></span> <span class='ocrx_word' id='word_1_225' title='bbox 205 1744 245 1786; x_wconf 81' lang='grc' dir='ltr'><strong>δ’</strong></span> <span class='ocrx_word' id='word_1_226' title='bbox 273 1744 408 1801; x_wconf 78' lang='grc' dir='ltr'><strong><em>ἱκέτης</em></strong></span> <span class='ocrx_word' id='word_1_227' title='bbox 436 1744 574 1794; x_wconf 83' lang='grc' dir='ltr'><strong><em>ξεῖνός</em></strong></span> <span class='ocrx_word' id='word_1_228' title='bbox 602 1761 660 1785; x_wconf 89' lang='grc' dir='ltr'><strong>τε.</strong></span> <span class='ocrx_word' id='word_1_229' title='bbox 690 1769 746 1777; x_wconf 92' lang='grc'>-</span> 
     </span>
    </p>
   </div>
   <div class='ocr_carea' id='block_1_7' title="bbox 713 1850 1608 1930">
    <p class='ocr_par' dir='ltr' id='par_1_10' title="bbox 713 1850 1608 1930">
     <span class='ocr_line' id='line_1_21' title="bbox 713 1850 1608 1930; baseline -0.002 -16"><span class='ocrx_word' id='word_1_230' title='bbox 713 1850 913 1930; x_wconf 82' lang='lat' dir='ltr'><strong>Odyss.</strong></span> <span class='ocrx_word' id='word_1_231' title='bbox 953 1850 1075 1914; x_wconf 90' lang='lat' dir='ltr'><strong>Lib.</strong></span> <span class='ocrx_word' id='word_1_232' title='bbox 1112 1851 1208 1914; x_wconf 91' lang='lat' dir='ltr'><strong>IX.</strong></span> <span class='ocrx_word' id='word_1_233' title='bbox 1287 1868 1341 1915; x_wconf 85' lang='lat' dir='ltr'><strong>v,</strong></span> <span class='ocrx_word' id='word_1_234' title='bbox 1382 1856 1608 1915; x_wconf 82' lang='lat'><strong>62—3.:</strong></span> 
     </span>
    </p>
   </div>
   <div class='ocr_carea' id='block_1_8' title="bbox 85 1957 2229 2390">
    <p class='ocr_par' dir='ltr' id='par_1_11' title="bbox 420 1957 1620 2093">
     <span class='ocr_line' id='line_1_22' title="bbox 488 1957 1571 2023; baseline 0.001 -18"><span class='ocrx_word' id='word_1_235' title='bbox 488 1965 618 2005; x_wconf 73' lang='grc' dir='ltr'><strong><em>ἔνθεν</em></strong></span> <span class='ocrx_word' id='word_1_236' title='bbox 646 1965 695 2005; x_wconf 80' lang='grc' dir='ltr'><strong>δὲ</strong></span> <span class='ocrx_word' id='word_1_237' title='bbox 724 1970 915 2020; x_wconf 80' lang='grc' dir='ltr'><em>προτέρω</em></span> <span class='ocrx_word' id='word_1_238' title='bbox 944 1964 1134 2018; x_wconf 83' lang='grc' dir='ltr'><strong><em>πλέομεν</em></strong></span> <span class='ocrx_word' id='word_1_239' title='bbox 1162 1962 1424 2022; x_wconf 74' lang='grc' dir='ltr'><strong><em>ἀκαχήμενοι</em></strong></span> <span class='ocrx_word' id='word_1_240' title='bbox 1451 1957 1571 2023; x_wconf 73' lang='grc' dir='ltr'><em>ἦτορ,</em></span> 
     </span>
     <span class='ocr_line' id='line_1_23' title="bbox 420 2033 1620 2093; baseline 0.001 -15"><span class='ocrx_word' id='word_1_241' title='bbox 420 2033 601 2091; x_wconf 75' lang='grc' dir='ltr'><strong><em>ἄσμενοι</em></strong></span> <span class='ocrx_word' id='word_1_242' title='bbox 630 2039 676 2079; x_wconf 81' lang='grc' dir='ltr'><strong>ἐκ</strong></span> <span class='ocrx_word' id='word_1_243' title='bbox 703 2036 933 2090; x_wconf 72' lang='grc' dir='ltr'><strong><em>θανάτοιο,</em></strong></span> <span class='ocrx_word' id='word_1_244' title='bbox 962 2037 1113 2093; x_wconf 82' lang='grc' dir='ltr'><strong><em>φίλους</em></strong></span> <span class='ocrx_word' id='word_1_245' title='bbox 1141 2036 1364 2087; x_wconf 81' lang='grc' dir='ltr'><strong><em>ὀλέσαντες</em></strong></span> <span class='ocrx_word' id='word_1_246' title='bbox 1392 2037 1620 2093; x_wconf 81' lang='grc' dir='ltr'><strong>ἑταίρους.)</strong></span> 
     </span>
    </p>

    <p class='ocr_par' dir='ltr' id='par_1_12' title="bbox 85 2108 2229 2390">
     <span class='ocr_line' id='line_1_24' title="bbox 197 2108 2229 2168; baseline -0 -14"><span class='ocrx_word' id='word_1_247' title='bbox 197 2113 290 2157; x_wconf 86' lang='lat' dir='ltr'><strong>Post</strong></span> <span class='ocrx_word' id='word_1_248' title='bbox 318 2112 468 2168; x_wconf 83' lang='grc' dir='ltr'><strong><em>φίλους</em></strong></span> <span class='ocrx_word' id='word_1_249' title='bbox 494 2114 650 2156; x_wconf 83' lang='lat' dir='ltr'><strong>videtur</strong></span> <span class='ocrx_word' id='word_1_250' title='bbox 678 2111 718 2155; x_wconf 79' lang='grc' dir='ltr'><strong>δ’</strong></span> <span class='ocrx_word' id='word_1_251' title='bbox 747 2115 956 2156; x_wconf 84' lang='lat' dir='ltr'><strong>excidisse.</strong></span> <span class='ocrx_word' id='word_1_252' title='bbox 995 2138 1051 2145; x_wconf 86' lang='lat'><em>-</em></span> <span class='ocrx_word' id='word_1_253' title='bbox 1090 2114 1241 2156; x_wconf 85' lang='lat' dir='ltr'><strong>Versus</strong></span> <span class='ocrx_word' id='word_1_254' title='bbox 1269 2113 1338 2156; x_wconf 89' lang='grc'><strong>68.</strong></span> <span class='ocrx_word' id='word_1_255' title='bbox 1367 2114 1480 2155; x_wconf 83' lang='lat' dir='ltr'><strong>affert</strong></span> <span class='ocrx_word' id='word_1_256' title='bbox 1520 2114 1614 2156; x_wconf 90' lang='lat' dir='ltr'><strong>mihi</strong></span> <span class='ocrx_word' id='word_1_257' title='bbox 1654 2114 1880 2154; x_wconf 82' lang='lat' dir='ltr'><strong>memoriam</strong></span> <span class='ocrx_word' id='word_1_258' title='bbox 1908 2111 2015 2154; x_wconf 79' lang='lat' dir='ltr'><strong>iliad.</strong></span> <span class='ocrx_word' id='word_1_259' title='bbox 2046 2108 2229 2163; x_wconf 79' lang='lat'><strong>16‚384.‚</strong></span> 
     </span>
     <span class='ocr_line' id='line_1_25' title="bbox 85 2184 2229 2243; baseline -0.002 -14"><span class='ocrx_word' id='word_1_260' title='bbox 85 2187 152 2229; x_wconf 83' lang='lat' dir='ltr'><strong>ubi</strong></span> <span class='ocrx_word' id='word_1_261' title='bbox 186 2186 263 2229; x_wconf 91' lang='lat' dir='ltr'><strong>Ed.</strong></span> <span class='ocrx_word' id='word_1_262' title='bbox 304 2186 560 2230; x_wconf 88' lang='lat' dir='ltr'><strong>Goebelius</strong></span> <span class='ocrx_word' id='word_1_263' title='bbox 593 2187 799 2229; x_wconf 88' lang='lat' dir='ltr'><strong>verissime</strong></span> <span class='ocrx_word' id='word_1_264' title='bbox 839 2187 1025 2230; x_wconf 79' lang='lat' dir='ltr'><strong>correxit:</strong></span> <span class='ocrx_word' id='word_1_265' title='bbox 1058 2184 1230 2243; x_wconf 84' lang='grc' dir='ltr'><strong><em>κελαινῇ</em></strong></span> <span class='ocrx_word' id='word_1_266' title='bbox 1263 2185 1494 2241; x_wconf 75' lang='lat' dir='ltr'><strong>(Mutzell.</strong></span> <span class='ocrx_word' id='word_1_267' title='bbox 1531 2185 1791 2230; x_wconf 87' lang='lat' dir='ltr'><strong>Commentar.</strong></span> <span class='ocrx_word' id='word_1_268' title='bbox 1834 2184 1955 2229; x_wconf 87' lang='grc'><strong>1860.</strong></span> <span class='ocrx_word' id='word_1_269' title='bbox 1992 2184 2108 2227; x_wconf 77' lang='lat' dir='ltr'><strong>Mart.</strong></span> <span class='ocrx_word' id='word_1_270' title='bbox 2134 2196 2229 2241; x_wconf 75' lang='lat' dir='ltr'><strong>pag.</strong></span> 
     </span>
     <span class='ocr_line' id='line_1_26' title="bbox 85 2250 2227 2316; baseline -0.001 -12"><span class='ocrx_word' id='word_1_271' title='bbox 85 2259 223 2316; x_wconf 80' lang='lat'><strong>269.);</strong></span> <span class='ocrx_word' id='word_1_272' title='bbox 251 2262 512 2304; x_wconf 79' lang='lat' dir='ltr'><strong>nominativus</strong></span> <span class='ocrx_word' id='word_1_273' title='bbox 540 2273 636 2304; x_wconf 88' lang='lat' dir='ltr'><strong>sane</strong></span> <span class='ocrx_word' id='word_1_274' title='bbox 665 2274 746 2303; x_wconf 86' lang='lat' dir='ltr'><strong>non</strong></span> <span class='ocrx_word' id='word_1_275' title='bbox 774 2262 900 2316; x_wconf 81' lang='lat' dir='ltr'><strong>magis</strong></span> <span class='ocrx_word' id='word_1_276' title='bbox 929 2265 992 2303; x_wconf 88' lang='lat' dir='ltr'><strong>est</strong></span> <span class='ocrx_word' id='word_1_277' title='bbox 1020 2265 1146 2315; x_wconf 87' lang='lat' dir='ltr'><strong>aptus,</strong></span> <span class='ocrx_word' id='word_1_278' title='bbox 1176 2272 1288 2313; x_wconf 89' lang='lat' dir='ltr'><strong>quam</strong></span> <span class='ocrx_word' id='word_1_279' title='bbox 1318 2259 1453 2302; x_wconf 88' lang='lat' dir='ltr'><strong>Horat.</strong></span> <span class='ocrx_word' id='word_1_280' title='bbox 1483 2259 1610 2315; x_wconf 90' lang='lat' dir='ltr'><strong>Epod.</strong></span> <span class='ocrx_word' id='word_1_281' title='bbox 1635 2259 1789 2311; x_wconf 75' lang='lat'><strong>16‚52.:</strong></span> <span class='ocrx_word' id='word_1_282' title='bbox 1820 2259 1915 2302; x_wconf 84' lang='lat' dir='ltr'><strong>alta</strong></span> <span class='ocrx_word' id='word_1_283' title='bbox 1943 2250 2126 2311; x_wconf 81' lang='lat' dir='ltr'><strong>humus3</strong></span> <span class='ocrx_word' id='word_1_284' title='bbox 2154 2271 2227 2314; x_wconf 87' lang='lat' dir='ltr'><strong>pro</strong></span> 
     </span>
     <span class='ocr_line' id='line_1_27' title="bbox 87 2332 2228 2390; baseline 0 -13"><span class='ocrx_word' id='word_1_285' title='bbox 87 2347 166 2389; x_wconf 83' lang='lat' dir='ltr'><strong>quo</strong></span> <span class='ocrx_word' id='word_1_286' title='bbox 201 2335 388 2378; x_wconf 78' lang='lat' dir='ltr'><strong>Horatius</strong></span> <span class='ocrx_word' id='word_1_287' title='bbox 427 2339 528 2379; x_wconf 88' lang='lat' dir='ltr'><strong>atra</strong></span> <span class='ocrx_word' id='word_1_288' title='bbox 562 2337 719 2390; x_wconf 87' lang='lat' dir='ltr'><strong>scripsit</strong></span> <span class='ocrx_word' id='word_1_289' title='bbox 727 2349 741 2387; x_wconf 73' lang='grc' dir='ltr'><strong><em>ς</em></strong></span> <span class='ocrx_word' id='word_1_290' title='bbox 775 2335 826 2379; x_wconf 81' lang='lat' dir='ltr'><strong>cf.</strong></span> <span class='ocrx_word' id='word_1_291' title='bbox 862 2335 905 2377; x_wconf 88' lang='lat' dir='ltr'><strong>C.</strong></span> <span class='ocrx_word' id='word_1_292' title='bbox 931 2333 1110 2387; x_wconf 77' lang='lat'><strong>3,4‚17.,</strong></span> <span class='ocrx_word' id='word_1_293' title='bbox 1140 2335 1251 2389; x_wconf 77' lang='lat' dir='ltr'><strong>virg.</strong></span> <span class='ocrx_word' id='word_1_294' title='bbox 1285 2333 1437 2389; x_wconf 87' lang='lat' dir='ltr'><strong>Georg.</strong></span> <span class='ocrx_word' id='word_1_295' title='bbox 1470 2334 1623 2386; x_wconf 86' lang='lat'><strong>1,129.‚</strong></span> <span class='ocrx_word' id='word_1_296' title='bbox 1653 2334 1769 2379; x_wconf 87' lang='lat' dir='ltr'><strong>Ovid.</strong></span> <span class='ocrx_word' id='word_1_297' title='bbox 1797 2333 1893 2377; x_wconf 73' lang='lat' dir='ltr'><strong>Met.</strong></span> <span class='ocrx_word' id='word_1_298' title='bbox 1921 2332 2146 2386; x_wconf 81' lang='lat'><strong>3,63-64.</strong></span> <span class='ocrx_word' id='word_1_299' title='bbox 2174 2356 2228 2364; x_wconf 88' lang='lat'><strong>—-</strong></span> 
     </span>
    </p>
   </div>
   <div class='ocr_carea' id='block_1_9' title="bbox 667 2439 1636 2521">
    <p class='ocr_par' dir='ltr' id='par_1_13' title="bbox 667 2439 1636 2521">
     <span class='ocr_line' id='line_1_28' title="bbox 667 2439 1636 2521; baseline 0 -17"><span class='ocrx_word' id='word_1_300' title='bbox 667 2440 868 2521; x_wconf 79' lang='lat' dir='ltr'><strong>Odyss.</strong></span> <span class='ocrx_word' id='word_1_301' title='bbox 907 2439 1030 2504; x_wconf 88' lang='lat' dir='ltr'><strong>Lib.</strong></span> <span class='ocrx_word' id='word_1_302' title='bbox 1069 2440 1166 2503; x_wconf 84' lang='lat' dir='ltr'><strong>IX.</strong></span> <span class='ocrx_word' id='word_1_303' title='bbox 1244 2458 1304 2503; x_wconf 85' lang='lat' dir='ltr'><strong>v.</strong></span> <span class='ocrx_word' id='word_1_304' title='bbox 1343 2444 1636 2504; x_wconf 79' lang='lat'><strong>469—70.:</strong></span> 
     </span>
    </p>
   </div>
   <div class='ocr_carea' id='block_1_10' title="bbox 85 2554 2230 2907">
    <p class='ocr_par' dir='ltr' id='par_1_14' title="bbox 85 2554 2230 2907">
     <span class='ocr_line' id='line_1_29' title="bbox 421 2554 1507 2612; baseline -0.001 -16"><span class='ocrx_word' id='word_1_305' title='bbox 421 2554 593 2597; x_wconf 84' lang='grc' dir='ltr'><strong><em>κλαίειν·</em></strong></span> <span class='ocrx_word' id='word_1_306' title='bbox 624 2554 717 2597; x_wconf 72' lang='grc' dir='ltr'><strong><em>ἄλλ’</em></strong></span> <span class='ocrx_word' id='word_1_307' title='bbox 743 2554 945 2597; x_wconf 79' lang='grc' dir='ltr'><strong><em>ἐκέλευσα</em></strong></span> <span class='ocrx_word' id='word_1_308' title='bbox 971 2554 1090 2603; x_wconf 74' lang='grc' dir='ltr'><strong>θοῶς</strong></span> <span class='ocrx_word' id='word_1_309' title='bbox 1115 2554 1362 2609; x_wconf 81' lang='grc' dir='ltr'><strong><em>καλλίτριχα</em></strong></span> <span class='ocrx_word' id='word_1_310' title='bbox 1390 2555 1507 2612; x_wconf 87' lang='grc' dir='ltr'><strong><em>μῆλα</em></strong></span> 
     </span>
     <span class='ocr_line' id='line_1_30' title="bbox 421 2625 1595 2685; baseline -0.002 -14"><span class='ocrx_word' id='word_1_311' title='bbox 421 2627 551 2671; x_wconf 81' lang='grc' dir='ltr'><strong><em>πόλλ’</em></strong></span> <span class='ocrx_word' id='word_1_312' title='bbox 579 2629 627 2670; x_wconf 81' lang='grc' dir='ltr'><strong><em>ἐν</em></strong></span> <span class='ocrx_word' id='word_1_313' title='bbox 655 2630 724 2685; x_wconf 85' lang='grc' dir='ltr'><strong><em>νηὶ</em></strong></span> <span class='ocrx_word' id='word_1_314' title='bbox 752 2628 964 2683; x_wconf 84' lang='grc' dir='ltr'><strong><em>βαλόντας</em></strong></span> <span class='ocrx_word' id='word_1_315' title='bbox 993 2628 1193 2671; x_wconf 77' lang='grc' dir='ltr'><strong><em>ἐπιπλεῖν</em></strong></span> <span class='ocrx_word' id='word_1_316' title='bbox 1222 2626 1415 2685; x_wconf 73' lang='grc' dir='ltr'><strong><em>ἁλμυρόν</em></strong></span> <span class='ocrx_word' id='word_1_317' title='bbox 1445 2625 1595 2684; x_wconf 70' lang='grc' dir='ltr'><strong>ὕδωρ.)</strong></span> 
     </span>
     <span class='ocr_line' id='line_1_31' title="bbox 197 2701 2230 2758; baseline -0.001 -12"><span class='ocrx_word' id='word_1_318' title='bbox 197 2703 383 2757; x_wconf 83' lang='lat' dir='ltr'><strong>Repone:</strong></span> <span class='ocrx_word' id='word_1_319' title='bbox 412 2701 544 2745; x_wconf 77' lang='grc' dir='ltr'><strong><em>πάντ’</em></strong></span> <span class='ocrx_word' id='word_1_320' title='bbox 583 2703 630 2745; x_wconf 80' lang='grc' dir='ltr'><strong><em>ἐν</em></strong></span> <span class='ocrx_word' id='word_1_321' title='bbox 662 2719 699 2745; x_wconf 90' lang='grc' dir='ltr'><strong>ν.</strong></span> <span class='ocrx_word' id='word_1_322' title='bbox 735 2706 802 2757; x_wconf 87' lang='grc' dir='ltr'><strong>β.,·</strong></span> <span class='ocrx_word' id='word_1_323' title='bbox 831 2717 934 2758; x_wconf 85' lang='lat' dir='ltr'><strong>quae</strong></span> <span class='ocrx_word' id='word_1_324' title='bbox 964 2704 1121 2758; x_wconf 86' lang='lat' dir='ltr'><strong>quidem</strong></span> <span class='ocrx_word' id='word_1_325' title='bbox 1150 2701 1293 2745; x_wconf 80' lang='grc' dir='ltr'><strong>πολλοὶ</strong></span> <span class='ocrx_word' id='word_1_326' title='bbox 1321 2708 1676 2758; x_wconf 79' lang='grc' dir='ltr'><strong>περιτροπέοντες</strong></span> <span class='ocrx_word' id='word_1_327' title='bbox 1701 2703 1882 2745; x_wconf 80' lang='grc' dir='ltr'><strong><em>ἔλαυνον</em></strong></span> <span class='ocrx_word' id='word_1_328' title='bbox 1909 2702 1971 2756; x_wconf 86' lang='lat' dir='ltr'><strong>(v.</strong></span> <span class='ocrx_word' id='word_1_329' title='bbox 1998 2701 2138 2758; x_wconf 55' lang='lat'><strong>4653),</strong></span> <span class='ocrx_word' id='word_1_330' title='bbox 2167 2708 2230 2745; x_wconf 81' lang='lat' dir='ltr'><strong>at-</strong></span> 
     </span>
     <span class='ocr_line' id='line_1_32' title="bbox 86 2777 2230 2831; baseline -0 -13"><span class='ocrx_word' id='word_1_331' title='bbox 86 2789 165 2831; x_wconf 72' lang='lat' dir='ltr'><strong>que</strong></span> <span class='ocrx_word' id='word_1_332' title='bbox 193 2777 342 2820; x_wconf 83' lang='lat' dir='ltr'><strong>horum</strong></span> <span class='ocrx_word' id='word_1_333' title='bbox 361 2788 546 2819; x_wconf 87' lang='lat' dir='ltr'><strong>numerus</strong></span> <span class='ocrx_word' id='word_1_334' title='bbox 574 2790 614 2819; x_wconf 87' lang='lat' dir='ltr'><strong>v.</strong></span> <span class='ocrx_word' id='word_1_335' title='bbox 640 2777 880 2820; x_wconf 82' lang='lat'><strong>425—435.</strong></span> <span class='ocrx_word' id='word_1_336' title='bbox 910 2783 971 2821; x_wconf 86' lang='lat' dir='ltr'><strong>est</strong></span> <span class='ocrx_word' id='word_1_337' title='bbox 999 2779 1093 2820; x_wconf 86' lang='lat' dir='ltr'><strong>satis</strong></span> <span class='ocrx_word' id='word_1_338' title='bbox 1123 2777 1327 2826; x_wconf 84' lang='lat' dir='ltr'><strong>delinitus,</strong></span> <span class='ocrx_word' id='word_1_339' title='bbox 1364 2781 1409 2819; x_wconf 88' lang='lat' dir='ltr'><strong>ut</strong></span> <span class='ocrx_word' id='word_1_340' title='bbox 1436 2779 1626 2820; x_wconf 79' lang='lat' dir='ltr'><strong>universa</strong></span> <span class='ocrx_word' id='word_1_341' title='bbox 1654 2778 1901 2820; x_wconf 83' lang='lat' dir='ltr'><strong>multitudinis</strong></span> <span class='ocrx_word' id='word_1_342' title='bbox 1928 2777 2074 2818; x_wconf 83' lang='lat' dir='ltr'><strong>mentio</strong></span> <span class='ocrx_word' id='word_1_343' title='bbox 2103 2777 2230 2819; x_wconf 81' lang='lat' dir='ltr'><strong>aliena</strong></span> 
     </span>
     <span class='ocr_line' id='line_1_33' title="bbox 85 2848 2230 2907; baseline -0 -14"><span class='ocrx_word' id='word_1_344' title='bbox 85 2852 149 2893; x_wconf 69' lang='lat' dir='ltr'><strong>sit.</strong></span> <span class='ocrx_word' id='word_1_345' title='bbox 178 2873 231 2884; x_wconf 83' lang='lat'>—</span> <span class='ocrx_word' id='word_1_346' title='bbox 263 2850 411 2905; x_wconf 79' lang='lat' dir='ltr'><strong>odyss.</strong></span> <span class='ocrx_word' id='word_1_347' title='bbox 430 2850 568 2903; x_wconf 82' lang='lat'><strong>9‚482.</strong></span> <span class='ocrx_word' id='word_1_348' title='bbox 589 2852 798 2895; x_wconf 84' lang='lat' dir='ltr'><strong>emendavi</strong></span> <span class='ocrx_word' id='word_1_349' title='bbox 817 2853 859 2894; x_wconf 91' lang='lat' dir='ltr'><strong>in</strong></span> <span class='ocrx_word' id='word_1_350' title='bbox 878 2852 1019 2907; x_wconf 75' lang='lat' dir='ltr'><strong>Progr-</strong></span> <span class='ocrx_word' id='word_1_351' title='bbox 1041 2852 1156 2894; x_wconf 88' lang='lat' dir='ltr'><strong>Cruc.</strong></span> <span class='ocrx_word' id='word_1_352' title='bbox 1180 2851 1305 2893; x_wconf 84' lang='lat'><strong>1855.</strong></span> <span class='ocrx_word' id='word_1_353' title='bbox 1328 2864 1424 2907; x_wconf 80' lang='lat' dir='ltr'><strong>pag.</strong></span> <span class='ocrx_word' id='word_1_354' title='bbox 1444 2852 1535 2895; x_wconf 80' lang='lat'><strong>23.:</strong></span> <span class='ocrx_word' id='word_1_355' title='bbox 1564 2850 1647 2894; x_wconf 73' lang='grc' dir='ltr'><strong>κᾶδ</strong></span> <span class='ocrx_word' id='word_1_356' title='bbox 1667 2852 1717 2893; x_wconf 79' lang='grc' dir='ltr'><strong>δὲ</strong></span> <span class='ocrx_word' id='word_1_357' title='bbox 1741 2849 1887 2904; x_wconf 67' lang='grc' dir='ltr'><strong><em>βαλών</em></strong></span> <span class='ocrx_word' id='word_1_358' title='bbox 1908 2873 1964 2882; x_wconf 92' lang='lat'><strong>——</strong></span> <span class='ocrx_word' id='word_1_359' title='bbox 1990 2848 2230 2905; x_wconf 76' lang='grc' dir='ltr'><strong>πρωρήσιον</strong></span> 
     </span>
    </p>
   </div>
  </div>
 </body>
</html>
