<?xml version="1.0" encoding="UTF-8"?>
<!DOCTYPE html PUBLIC "-//W3C//DTD XHTML 1.0 Transitional//EN"
    "http://www.w3.org/TR/xhtml1/DTD/xhtml1-transitional.dtd">
<html xmlns="http://www.w3.org/1999/xhtml" xml:lang="en" lang="en">
 <head>
  <title>
</title>
<meta http-equiv="Content-Type" content="text/html;charset=utf-8" />
  <meta name='ocr-system' content='tesseract 3.04.00' />
  <meta name='ocr-capabilities' content='ocr_page ocr_carea ocr_par ocr_line ocrx_word'/>
</head>
<body>
  <div class='ocr_page' id='page_1' title='image "4770992_0053.png"; bbox 0 0 2360 3024; ppageno 0'>
   <div class='ocr_carea' id='block_1_1' title="bbox 989 136 1352 191">
    <p class='ocr_par' dir='ltr' id='par_1_1' title="bbox 989 136 1352 191">
     <span class='ocr_line' id='line_1_1' title="bbox 989 136 1352 191; baseline -0.008 -7"><span class='ocrx_word' id='word_1_1' title='bbox 989 136 1352 191; x_wconf 36' lang='lat'><strong>*⁴23⁰*-</strong></span> 
     </span>
    </p>
   </div>
   <div class='ocr_carea' id='block_1_2' title="bbox 73 267 2256 1358">
    <p class='ocr_par' dir='ltr' id='par_1_2' title="bbox 73 267 2256 1358">
     <span class='ocr_line' id='line_1_2' title="bbox 80 267 2256 326; baseline 0.002 -15"><span class='ocrx_word' id='word_1_2' title='bbox 80 269 131 311; x_wconf 81' lang='lat' dir='ltr'><strong>sit</strong></span> <span class='ocrx_word' id='word_1_3' title='bbox 163 267 331 321; x_wconf 80' lang='lat' dir='ltr'><strong>idonea,</strong></span> <span class='ocrx_word' id='word_1_4' title='bbox 368 268 476 311; x_wconf 84' lang='lat' dir='ltr'><strong>velut</strong></span> <span class='ocrx_word' id='word_1_5' title='bbox 513 272 688 320; x_wconf 88' lang='lat' dir='ltr'><strong>autem,</strong></span> <span class='ocrx_word' id='word_1_6' title='bbox 724 268 789 311; x_wconf 86' lang='lat' dir='ltr'><strong>vel</strong></span> <span class='ocrx_word' id='word_1_7' title='bbox 824 273 890 318; x_wconf 61' lang='grc' dir='ltr'><strong>οη</strong></span> <span class='ocrx_word' id='word_1_8' title='bbox 927 270 1036 323; x_wconf 89' lang='lat' dir='ltr'><strong>quod</strong></span> <span class='ocrx_word' id='word_1_9' title='bbox 1071 268 1286 314; x_wconf 82' lang='lat' dir='ltr'><strong>Clericus</strong></span> <span class='ocrx_word' id='word_1_10' title='bbox 1321 271 1403 325; x_wconf 80' lang='lat' dir='ltr'><strong>legi</strong></span> <span class='ocrx_word' id='word_1_11' title='bbox 1438 272 1591 324; x_wconf 86' lang='lat' dir='ltr'><strong>maluit;</strong></span> <span class='ocrx_word' id='word_1_12' title='bbox 1627 271 1699 313; x_wconf 86' lang='lat' dir='ltr'><strong>sed</strong></span> <span class='ocrx_word' id='word_1_13' title='bbox 1736 284 1888 326; x_wconf 80' lang='lat' dir='ltr'><strong>eques</strong></span> <span class='ocrx_word' id='word_1_14' title='bbox 1923 272 2045 314; x_wconf 84' lang='lat' dir='ltr'><strong>habet</strong></span> <span class='ocrx_word' id='word_1_15' title='bbox 2087 272 2256 315; x_wconf 80' lang='lat' dir='ltr'><strong>ultimam</strong></span> 
     </span>
     <span class='ocr_line' id='line_1_3' title="bbox 79 341 2256 399; baseline 0.002 -16"><span class='ocrx_word' id='word_1_16' title='bbox 79 342 259 385; x_wconf 81' lang='lat' dir='ltr'><strong>brevem.</strong></span> <span class='ocrx_word' id='word_1_17' title='bbox 317 341 425 384; x_wconf 80' lang='lat' dir='ltr'><strong>Haec</strong></span> <span class='ocrx_word' id='word_1_18' title='bbox 463 346 596 384; x_wconf 87' lang='lat' dir='ltr'><strong>tamen</strong></span> <span class='ocrx_word' id='word_1_19' title='bbox 631 346 831 397; x_wconf 86' lang='lat' dir='ltr'><strong>utcunque</strong></span> <span class='ocrx_word' id='word_1_20' title='bbox 865 347 976 395; x_wconf 87' lang='lat' dir='ltr'><strong>sunt,</strong></span> <span class='ocrx_word' id='word_1_21' title='bbox 1010 344 1097 386; x_wconf 85' lang='lat' dir='ltr'><strong>sive</strong></span> <span class='ocrx_word' id='word_1_22' title='bbox 1134 344 1292 388; x_wconf 83' lang='lat' dir='ltr'><strong>videtur</strong></span> <span class='ocrx_word' id='word_1_23' title='bbox 1329 348 1451 399; x_wconf 89' lang='lat' dir='ltr'><strong>poeta</strong></span> <span class='ocrx_word' id='word_1_24' title='bbox 1494 344 1700 387; x_wconf 86' lang='lat' dir='ltr'><strong>dicturus</strong></span> <span class='ocrx_word' id='word_1_25' title='bbox 1735 343 1917 386; x_wconf 80' lang='lat' dir='ltr'><strong>habena</strong></span> <span class='ocrx_word' id='word_1_26' title='bbox 1950 346 2039 388; x_wconf 83' lang='lat' dir='ltr'><strong>sive</strong></span> <span class='ocrx_word' id='word_1_27' title='bbox 2079 350 2256 388; x_wconf 75' lang='lat' dir='ltr'><strong>storna-</strong></span> 
     </span>
     <span class='ocr_line' id='line_1_4' title="bbox 79 415 2254 474; baseline 0.002 -18"><span class='ocrx_word' id='word_1_28' title='bbox 79 415 278 459; x_wconf 77' lang='lat' dir='ltr'><strong>chosus</strong></span> <span class='ocrx_word' id='word_1_29' title='bbox 305 417 508 458; x_wconf 81' lang='lat' dir='ltr'><strong>habena</strong></span> <span class='ocrx_word' id='word_1_30' title='bbox 545 416 758 458; x_wconf 80' lang='lat' dir='ltr'><strong>futurus</strong></span> <span class='ocrx_word' id='word_1_31' title='bbox 787 427 935 468; x_wconf 80' lang='lat' dir='ltr'><strong>esse3</strong></span> <span class='ocrx_word' id='word_1_32' title='bbox 970 418 1058 458; x_wconf 86' lang='lat' dir='ltr'><strong>sive</strong></span> <span class='ocrx_word' id='word_1_33' title='bbox 1089 429 1216 471; x_wconf 84' lang='lat' dir='ltr'><strong>equos</strong></span> <span class='ocrx_word' id='word_1_34' title='bbox 1244 429 1327 458; x_wconf 90' lang='lat' dir='ltr'><strong>non</strong></span> <span class='ocrx_word' id='word_1_35' title='bbox 1355 428 1473 467; x_wconf 82' lang='lat' dir='ltr'><strong>voce,</strong></span> <span class='ocrx_word' id='word_1_36' title='bbox 1504 418 1578 459; x_wconf 87' lang='lat' dir='ltr'><strong>sed</strong></span> <span class='ocrx_word' id='word_1_37' title='bbox 1607 417 1724 459; x_wconf 77' lang='lat' dir='ltr'><strong>freno</strong></span> <span class='ocrx_word' id='word_1_38' title='bbox 1753 418 1963 474; x_wconf 81' lang='lat' dir='ltr'><strong>regendos</strong></span> <span class='ocrx_word' id='word_1_39' title='bbox 1993 429 2089 461; x_wconf 84' lang='lat' dir='ltr'><strong>esse</strong></span> <span class='ocrx_word' id='word_1_40' title='bbox 2118 419 2254 471; x_wconf 77' lang='lat' dir='ltr'><strong>docet,</strong></span> 
     </span>
     <span class='ocr_line' id='line_1_5' title="bbox 79 488 2256 544; baseline 0 -13"><span class='ocrx_word' id='word_1_41' title='bbox 79 490 165 531; x_wconf 80' lang='lat' dir='ltr'><strong>sive</strong></span> <span class='ocrx_word' id='word_1_42' title='bbox 193 488 436 544; x_wconf 44' lang='lat' dir='ltr'><strong>frenoaregi</strong></span> <span class='ocrx_word' id='word_1_43' title='bbox 463 493 622 532; x_wconf 62' lang='lat' dir='ltr'><strong>narrata</strong></span> <span class='ocrx_word' id='word_1_44' title='bbox 652 489 731 531; x_wconf 83' lang='lat' dir='ltr'><strong>hoc</strong></span> <span class='ocrx_word' id='word_1_45' title='bbox 760 492 913 532; x_wconf 88' lang='lat' dir='ltr'><strong>certum</strong></span> <span class='ocrx_word' id='word_1_46' title='bbox 942 494 1004 532; x_wconf 84' lang='lat' dir='ltr'><strong>est</strong></span> <span class='ocrx_word' id='word_1_47' title='bbox 1017 520 1028 542; x_wconf 94' lang='lat'><strong>‚</strong></span> <span class='ocrx_word' id='word_1_48' title='bbox 1070 490 1284 534; x_wconf 82' lang='lat' dir='ltr'><strong>dictionem</strong></span> <span class='ocrx_word' id='word_1_49' title='bbox 1313 501 1408 534; x_wconf 85' lang='lat' dir='ltr'><strong>esse</strong></span> <span class='ocrx_word' id='word_1_50' title='bbox 1436 489 1667 542; x_wconf 82' lang='lat' dir='ltr'><strong>molestam,</strong></span> <span class='ocrx_word' id='word_1_51' title='bbox 1695 492 1933 533; x_wconf 77' lang='lat' dir='ltr'><strong>sententiam</strong></span> <span class='ocrx_word' id='word_1_52' title='bbox 1963 495 2093 533; x_wconf 84' lang='lat' dir='ltr'><strong>autem</strong></span> <span class='ocrx_word' id='word_1_53' title='bbox 2122 491 2256 534; x_wconf 79' lang='lat' dir='ltr'><strong>levem</strong></span> 
     </span>
     <span class='ocr_line' id='line_1_6' title="bbox 79 562 2254 619; baseline 0.001 -14"><span class='ocrx_word' id='word_1_54' title='bbox 79 569 119 605; x_wconf 90' lang='lat' dir='ltr'><strong>et</strong></span> <span class='ocrx_word' id='word_1_55' title='bbox 157 576 295 618; x_wconf 85' lang='lat' dir='ltr'><strong>parum</strong></span> <span class='ocrx_word' id='word_1_56' title='bbox 333 563 503 604; x_wconf 77' lang='lat' dir='ltr'><strong>facetam</strong></span> <span class='ocrx_word' id='word_1_57' title='bbox 533 576 667 617; x_wconf 89' lang='lat' dir='ltr'><strong>neque</strong></span> <span class='ocrx_word' id='word_1_58' title='bbox 697 562 860 604; x_wconf 85' lang='lat' dir='ltr'><strong>Horatio</strong></span> <span class='ocrx_word' id='word_1_59' title='bbox 891 563 1074 617; x_wconf 85' lang='lat' dir='ltr'><strong>diguam,</strong></span> <span class='ocrx_word' id='word_1_60' title='bbox 1104 565 1338 618; x_wconf 88' lang='lat' dir='ltr'><strong>praesertim</strong></span> <span class='ocrx_word' id='word_1_61' title='bbox 1367 576 1489 618; x_wconf 88' lang='lat' dir='ltr'><strong>quum</strong></span> <span class='ocrx_word' id='word_1_62' title='bbox 1518 576 1572 605; x_wconf 85' lang='lat' dir='ltr'><strong>ne</strong></span> <span class='ocrx_word' id='word_1_63' title='bbox 1602 575 1792 606; x_wconf 84' lang='lat' dir='ltr'><strong>venerem</strong></span> <span class='ocrx_word' id='word_1_64' title='bbox 1831 563 1990 619; x_wconf 81' lang='lat' dir='ltr'><strong>quidem</strong></span> <span class='ocrx_word' id='word_1_65' title='bbox 2019 564 2254 607; x_wconf 82' lang='lat' dir='ltr'><strong>locutionis:</strong></span> 
     </span>
     <span class='ocr_line' id='line_1_7' title="bbox 78 636 2256 690; baseline 0 -13"><span class='ocrx_word' id='word_1_66' title='bbox 78 640 196 690; x_wconf 88' lang='lat' dir='ltr'><strong>equi</strong></span> <span class='ocrx_word' id='word_1_67' title='bbox 224 637 436 679; x_wconf 79' lang='lat' dir='ltr'><strong>frenato</strong></span> <span class='ocrx_word' id='word_1_68' title='bbox 466 641 547 679; x_wconf 88' lang='lat' dir='ltr'><strong>est</strong></span> <span class='ocrx_word' id='word_1_69' title='bbox 575 638 716 679; x_wconf 87' lang='lat' dir='ltr'><strong>auris</strong></span> <span class='ocrx_word' id='word_1_70' title='bbox 745 636 795 677; x_wconf 87' lang='lat' dir='ltr'><strong>in</strong></span> <span class='ocrx_word' id='word_1_71' title='bbox 824 647 912 677; x_wconf 87' lang='lat' dir='ltr'><strong>ore</strong></span> <span class='ocrx_word' id='word_1_72' title='bbox 947 648 1021 690; x_wconf 90' lang='lat' dir='ltr'><strong>per</strong></span> <span class='ocrx_word' id='word_1_73' title='bbox 1046 648 1093 678; x_wconf 90' lang='lat' dir='ltr'><strong>se</strong></span> <span class='ocrx_word' id='word_1_74' title='bbox 1122 637 1306 679; x_wconf 83' lang='lat' dir='ltr'><strong>videatur</strong></span> <span class='ocrx_word' id='word_1_75' title='bbox 1332 638 1550 686; x_wconf 88' lang='lat' dir='ltr'><strong>invenisse,</strong></span> <span class='ocrx_word' id='word_1_76' title='bbox 1579 636 1653 678; x_wconf 88' lang='lat' dir='ltr'><strong>sed</strong></span> <span class='ocrx_word' id='word_1_77' title='bbox 1681 648 1770 677; x_wconf 87' lang='lat' dir='ltr'><strong>rem</strong></span> <span class='ocrx_word' id='word_1_78' title='bbox 1799 648 2052 678; x_wconf 85' lang='lat' dir='ltr'><strong>communem</strong></span> <span class='ocrx_word' id='word_1_79' title='bbox 2081 641 2122 678; x_wconf 90' lang='lat' dir='ltr'><strong>et</strong></span> <span class='ocrx_word' id='word_1_80' title='bbox 2148 649 2256 679; x_wconf 86' lang='lat' dir='ltr'><strong>con-</strong></span> 
     </span>
     <span class='ocr_line' id='line_1_8' title="bbox 76 709 2254 762; baseline 0 -12"><span class='ocrx_word' id='word_1_81' title='bbox 76 711 207 751; x_wconf 88' lang='lat' dir='ltr'><strong>tritam</strong></span> <span class='ocrx_word' id='word_1_82' title='bbox 235 713 313 751; x_wconf 86' lang='lat' dir='ltr'><strong>tam</strong></span> <span class='ocrx_word' id='word_1_83' title='bbox 327 709 550 762; x_wconf 79' lang='lat' dir='ltr'><strong>loquaciter</strong></span> <span class='ocrx_word' id='word_1_84' title='bbox 572 709 865 762; x_wconf 74' lang='lat' dir='ltr'><strong>perscripsisse.</strong></span> <span class='ocrx_word' id='word_1_85' title='bbox 881 731 931 742; x_wconf 89' lang='lat'><em>-</em></span> <span class='ocrx_word' id='word_1_86' title='bbox 952 709 1080 757; x_wconf 83' lang='lat' dir='ltr'><strong>Quum</strong></span> <span class='ocrx_word' id='word_1_87' title='bbox 1109 710 1477 752; x_wconf 83' lang='lat' dir='ltr'><strong>stomachabor</strong></span> <span class='ocrx_word' id='word_1_88' title='bbox 1505 713 1735 761; x_wconf 87' lang='lat' dir='ltr'><strong>corruptum</strong></span> <span class='ocrx_word' id='word_1_89' title='bbox 1756 713 1870 751; x_wconf 82' lang='lat' dir='ltr'><strong>esset</strong></span> <span class='ocrx_word' id='word_1_90' title='bbox 1891 710 1933 751; x_wconf 88' lang='lat' dir='ltr'><strong>in</strong></span> <span class='ocrx_word' id='word_1_91' title='bbox 1956 710 2254 751; x_wconf 79' lang='lat' dir='ltr'><strong>stomacho-</strong></span> 
     </span>
     <span class='ocr_line' id='line_1_9' title="bbox 77 781 2255 837; baseline 0 -14"><span class='ocrx_word' id='word_1_92' title='bbox 77 793 185 833; x_wconf 81' lang='lat' dir='ltr'><strong>sus,</strong></span> <span class='ocrx_word' id='word_1_93' title='bbox 213 782 572 824; x_wconf 77' lang='lat' dir='ltr'><strong>stomachatus</strong></span> <span class='ocrx_word' id='word_1_94' title='bbox 598 784 643 825; x_wconf 92' lang='lat' dir='ltr'><strong>et</strong></span> <span class='ocrx_word' id='word_1_95' title='bbox 666 782 1074 824; x_wconf 83' lang='lat' dir='ltr'><strong>stomachandus</strong></span> <span class='ocrx_word' id='word_1_96' title='bbox 1099 782 1203 837; x_wconf 85' lang='lat' dir='ltr'><strong>(vid.</strong></span> <span class='ocrx_word' id='word_1_97' title='bbox 1224 781 1359 835; x_wconf 87' lang='lat' dir='ltr'><strong>Fea),</strong></span> <span class='ocrx_word' id='word_1_98' title='bbox 1389 782 1455 823; x_wconf 85' lang='lat' dir='ltr'><strong>vel</strong></span> <span class='ocrx_word' id='word_1_99' title='bbox 1485 794 1631 837; x_wconf 87' lang='lat' dir='ltr'><strong>quum,</strong></span> <span class='ocrx_word' id='word_1_100' title='bbox 1656 781 1749 837; x_wconf 84' lang='lat' dir='ltr'><strong>quid</strong></span> <span class='ocrx_word' id='word_1_101' title='bbox 1781 786 1893 824; x_wconf 80' lang='lat' dir='ltr'><strong>esset</strong></span> <span class='ocrx_word' id='word_1_102' title='bbox 1921 782 2121 824; x_wconf 80' lang='lat' dir='ltr'><strong>habena</strong></span> <span class='ocrx_word' id='word_1_103' title='bbox 2149 786 2255 824; x_wconf 76' lang='lat' dir='ltr'><strong>sto-</strong></span> 
     </span>
     <span class='ocr_line' id='line_1_10' title="bbox 77 851 2252 910; baseline 0.001 -15"><span class='ocrx_word' id='word_1_104' title='bbox 77 851 328 904; x_wconf 79' lang='lat' dir='ltr'><strong>machari,</strong></span> <span class='ocrx_word' id='word_1_105' title='bbox 362 867 445 896; x_wconf 89' lang='lat' dir='ltr'><strong>non</strong></span> <span class='ocrx_word' id='word_1_106' title='bbox 472 854 781 910; x_wconf 79' lang='lat' dir='ltr'><strong>intelligeretur,</strong></span> <span class='ocrx_word' id='word_1_107' title='bbox 821 856 1098 909; x_wconf 80' lang='lat' dir='ltr'><strong>grammaticus</strong></span> <span class='ocrx_word' id='word_1_108' title='bbox 1134 856 1278 909; x_wconf 82' lang='lat' dir='ltr'><strong>aliquis</strong></span> <span class='ocrx_word' id='word_1_109' title='bbox 1315 855 1493 896; x_wconf 79' lang='lat' dir='ltr'><strong>correxit</strong></span> <span class='ocrx_word' id='word_1_110' title='bbox 1538 860 1584 897; x_wconf 92' lang='lat' dir='ltr'><strong>et</strong></span> <span class='ocrx_word' id='word_1_111' title='bbox 1624 855 1892 908; x_wconf 80' lang='lat' dir='ltr'><strong>interpolavit.</strong></span> <span class='ocrx_word' id='word_1_112' title='bbox 1932 877 1985 886; x_wconf 88' lang='lat'>—</span> <span class='ocrx_word' id='word_1_113' title='bbox 2031 878 2087 884; x_wconf 88' lang='lat'>—</span> <span class='ocrx_word' id='word_1_114' title='bbox 2128 855 2252 908; x_wconf 74' lang='lat' dir='ltr'><strong>Epist.</strong></span> 
     </span>
     <span class='ocr_line' id='line_1_11' title="bbox 76 927 2251 982; baseline 0 -12"><span class='ocrx_word' id='word_1_115' title='bbox 76 927 533 982; x_wconf 78' lang='lat' dir='ltr'><strong>2,2,146—8.repone=</strong></span> <span class='ocrx_word' id='word_1_116' title='bbox 564 928 709 980; x_wconf 83' lang='lat' dir='ltr'><strong>Quid,</strong></span> <span class='ocrx_word' id='word_1_117' title='bbox 730 933 908 982; x_wconf 89' lang='lat' dir='ltr'><strong>quanto</strong></span> <span class='ocrx_word' id='word_1_118' title='bbox 937 928 1086 982; x_wconf 85' lang='lat' dir='ltr'><strong>plura</strong></span> <span class='ocrx_word' id='word_1_119' title='bbox 1108 952 1160 960; x_wconf 89' lang='lat'><strong>—-</strong></span> <span class='ocrx_word' id='word_1_120' title='bbox 1183 928 1504 981; x_wconf 79' lang='lat' dir='ltr'><strong>nullique-‚</strong></span> <span class='ocrx_word' id='word_1_121' title='bbox 1531 928 1613 970; x_wconf 81' lang='lat' dir='ltr'><strong>vel:</strong></span> <span class='ocrx_word' id='word_1_122' title='bbox 1644 927 1777 981; x_wconf 90' lang='lat' dir='ltr'><strong>quid,</strong></span> <span class='ocrx_word' id='word_1_123' title='bbox 1800 929 1854 979; x_wconf 92' lang='lat' dir='ltr'><strong>si,</strong></span> <span class='ocrx_word' id='word_1_124' title='bbox 1870 940 1968 982; x_wconf 88' lang='lat' dir='ltr'><strong>quo</strong></span> <span class='ocrx_word' id='word_1_125' title='bbox 1985 951 2038 959; x_wconf 90' lang='lat'><strong>--</strong></span> <span class='ocrx_word' id='word_1_126' title='bbox 2054 928 2251 970; x_wconf 80' lang='lat' dir='ltr'><strong>nulline.</strong></span> 
     </span>
     <span class='ocr_line' id='line_1_12' title="bbox 74 1000 2253 1056; baseline -0.001 -13"><span class='ocrx_word' id='word_1_127' title='bbox 74 1024 131 1032; x_wconf 88' lang='lat'>—</span> <span class='ocrx_word' id='word_1_128' title='bbox 160 1024 213 1033; x_wconf 85' lang='lat'><strong>—·</strong></span> <span class='ocrx_word' id='word_1_129' title='bbox 245 1001 469 1056; x_wconf 83' lang='lat' dir='ltr'><strong>Epistol.</strong></span> <span class='ocrx_word' id='word_1_130' title='bbox 498 1001 581 1053; x_wconf 83' lang='lat'><strong>2‚3,</strong></span> <span class='ocrx_word' id='word_1_131' title='bbox 611 1002 680 1044; x_wconf 85' lang='lat'><strong>65.</strong></span> <span class='ocrx_word' id='word_1_132' title='bbox 710 1013 886 1055; x_wconf 86' lang='lat' dir='ltr'><strong>repone:</strong></span> <span class='ocrx_word' id='word_1_133' title='bbox 926 1000 1062 1055; x_wconf 82' lang='lat' dir='ltr'><strong>palus</strong></span> <span class='ocrx_word' id='word_1_134' title='bbox 1102 1002 1183 1043; x_wconf 86' lang='lat' dir='ltr'><strong>diu</strong></span> <span class='ocrx_word' id='word_1_135' title='bbox 1213 1006 1472 1054; x_wconf 88' lang='lat' dir='ltr'><strong>amataque</strong></span> <span class='ocrx_word' id='word_1_136' title='bbox 1488 1002 1644 1052; x_wconf 84' lang='lat' dir='ltr'><strong>ranis,</strong></span> <span class='ocrx_word' id='word_1_137' title='bbox 1681 1001 1767 1045; x_wconf 71' lang='lat' dir='ltr'><strong>vele</strong></span> <span class='ocrx_word' id='word_1_138' title='bbox 1802 1001 1939 1054; x_wconf 80' lang='lat' dir='ltr'><strong>palus</strong></span> <span class='ocrx_word' id='word_1_139' title='bbox 1968 1001 2047 1044; x_wconf 86' lang='lat' dir='ltr'><strong>diu</strong></span> <span class='ocrx_word' id='word_1_140' title='bbox 2070 1006 2119 1043; x_wconf 91' lang='lat' dir='ltr'><strong>et</strong></span> <span class='ocrx_word' id='word_1_141' title='bbox 2143 1006 2253 1055; x_wconf 84' lang='lat' dir='ltr'><strong>apta</strong></span> 
     </span>
     <span class='ocr_line' id='line_1_13' title="bbox 75 1073 2253 1129; baseline 0 -13"><span class='ocrx_word' id='word_1_142' title='bbox 75 1074 289 1118; x_wconf 87' lang='lat' dir='ltr'><strong>carinis.</strong></span> <span class='ocrx_word' id='word_1_143' title='bbox 321 1098 376 1107; x_wconf 92' lang='lat'><strong>—</strong></span> <span class='ocrx_word' id='word_1_144' title='bbox 406 1074 484 1124; x_wconf 83' lang='lat' dir='ltr'><strong>Qui</strong></span> <span class='ocrx_word' id='word_1_145' title='bbox 512 1074 602 1117; x_wconf 85' lang='lat' dir='ltr'><strong>fieri</strong></span> <span class='ocrx_word' id='word_1_146' title='bbox 629 1074 772 1129; x_wconf 85' lang='lat' dir='ltr'><strong>possit,</strong></span> <span class='ocrx_word' id='word_1_147' title='bbox 802 1078 844 1115; x_wconf 92' lang='lat' dir='ltr'><strong>ut</strong></span> <span class='ocrx_word' id='word_1_148' title='bbox 882 1074 953 1115; x_wconf 82' lang='lat' dir='ltr'><strong>viri</strong></span> <span class='ocrx_word' id='word_1_149' title='bbox 989 1073 1122 1117; x_wconf 86' lang='lat' dir='ltr'><strong>subtili</strong></span> <span class='ocrx_word' id='word_1_150' title='bbox 1155 1074 1301 1117; x_wconf 89' lang='lat' dir='ltr'><strong>iudicio</strong></span> <span class='ocrx_word' id='word_1_151' title='bbox 1333 1078 1376 1117; x_wconf 92' lang='lat' dir='ltr'><strong>et</strong></span> <span class='ocrx_word' id='word_1_152' title='bbox 1403 1073 1613 1129; x_wconf 82' lang='lat' dir='ltr'><strong>praeclara</strong></span> <span class='ocrx_word' id='word_1_153' title='bbox 1645 1073 1873 1117; x_wconf 83' lang='lat' dir='ltr'><strong>eruditione</strong></span> <span class='ocrx_word' id='word_1_154' title='bbox 1912 1074 2041 1117; x_wconf 87' lang='lat' dir='ltr'><strong>ornati</strong></span> <span class='ocrx_word' id='word_1_155' title='bbox 2077 1073 2253 1116; x_wconf 77' lang='lat' dir='ltr'><strong>ultimam</strong></span> 
     </span>
     <span class='ocr_line' id='line_1_14' title="bbox 75 1146 2251 1201; baseline 0 -14"><span class='ocrx_word' id='word_1_156' title='bbox 75 1147 260 1189; x_wconf 84' lang='lat' dir='ltr'><strong>vocabuli</strong></span> <span class='ocrx_word' id='word_1_157' title='bbox 289 1146 477 1200; x_wconf 89' lang='lat' dir='ltr'><strong>paludis</strong></span> <span class='ocrx_word' id='word_1_158' title='bbox 506 1146 697 1200; x_wconf 80' lang='lat' dir='ltr'><strong>syllabam</strong></span> <span class='ocrx_word' id='word_1_159' title='bbox 722 1147 772 1188; x_wconf 85' lang='lat' dir='ltr'><strong>ab</strong></span> <span class='ocrx_word' id='word_1_160' title='bbox 792 1146 959 1188; x_wconf 83' lang='lat' dir='ltr'><strong>Horatio</strong></span> <span class='ocrx_word' id='word_1_161' title='bbox 989 1159 1014 1189; x_wconf 91' lang='lat' dir='ltr'><strong>e</strong></span> <span class='ocrx_word' id='word_1_162' title='bbox 1043 1147 1267 1189; x_wconf 89' lang='lat' dir='ltr'><strong>licentia</strong></span> <span class='ocrx_word' id='word_1_163' title='bbox 1297 1147 1514 1201; x_wconf 81' lang='lat' dir='ltr'><strong>quadam</strong></span> <span class='ocrx_word' id='word_1_164' title='bbox 1542 1148 1756 1201; x_wconf 84' lang='lat' dir='ltr'><strong>poetica</strong></span> <span class='ocrx_word' id='word_1_165' title='bbox 1782 1151 2008 1201; x_wconf 85' lang='lat' dir='ltr'><strong>correptam</strong></span> <span class='ocrx_word' id='word_1_166' title='bbox 2038 1157 2132 1189; x_wconf 76' lang='lat' dir='ltr'><strong>esse</strong></span> <span class='ocrx_word' id='word_1_167' title='bbox 2161 1147 2251 1200; x_wconf 87' lang='lat' dir='ltr'><strong>opi·</strong></span> 
     </span>
     <span class='ocr_line' id='line_1_15' title="bbox 75 1219 2249 1276; baseline 0 -14"><span class='ocrx_word' id='word_1_168' title='bbox 75 1226 235 1271; x_wconf 85' lang='lat' dir='ltr'><strong>nentur,</strong></span> <span class='ocrx_word' id='word_1_169' title='bbox 263 1220 379 1263; x_wconf 83' lang='lat' dir='ltr'><strong>huius</strong></span> <span class='ocrx_word' id='word_1_170' title='bbox 406 1220 470 1261; x_wconf 89' lang='lat' dir='ltr'><strong>rei</strong></span> <span class='ocrx_word' id='word_1_171' title='bbox 496 1222 676 1276; x_wconf 85' lang='lat' dir='ltr'><strong>ingenue</strong></span> <span class='ocrx_word' id='word_1_172' title='bbox 705 1221 900 1262; x_wconf 82' lang='lat' dir='ltr'><strong>confiteor</strong></span> <span class='ocrx_word' id='word_1_173' title='bbox 929 1231 992 1260; x_wconf 85' lang='lat' dir='ltr'><strong>me</strong></span> <span class='ocrx_word' id='word_1_174' title='bbox 1020 1219 1169 1262; x_wconf 88' lang='lat' dir='ltr'><strong>habere</strong></span> <span class='ocrx_word' id='word_1_175' title='bbox 1187 1222 1392 1264; x_wconf 91' lang='lat' dir='ltr'><strong>notionem</strong></span> <span class='ocrx_word' id='word_1_176' title='bbox 1407 1219 1574 1262; x_wconf 81' lang='lat' dir='ltr'><strong>nullam!</strong></span> <span class='ocrx_word' id='word_1_177' title='bbox 1603 1242 1660 1250; x_wconf 88' lang='lat'><strong>—</strong></span> <span class='ocrx_word' id='word_1_178' title='bbox 1687 1219 1747 1262; x_wconf 83' lang='lat' dir='ltr'><strong>lta</strong></span> <span class='ocrx_word' id='word_1_179' title='bbox 1775 1221 1919 1272; x_wconf 82' lang='lat' dir='ltr'><strong>vivam,</strong></span> <span class='ocrx_word' id='word_1_180' title='bbox 1948 1232 2068 1262; x_wconf 87' lang='lat' dir='ltr'><strong>nemo</strong></span> <span class='ocrx_word' id='word_1_181' title='bbox 2096 1220 2249 1262; x_wconf 78' lang='lat' dir='ltr'><strong>Roma-</strong></span> 
     </span>
     <span class='ocr_line' id='line_1_16' title="bbox 73 1279 2248 1358; baseline -0 -25"><span class='ocrx_word' id='word_1_182' title='bbox 73 1305 215 1335; x_wconf 86' lang='lat' dir='ltr'><strong>norum</strong></span> <span class='ocrx_word' id='word_1_183' title='bbox 243 1293 404 1358; x_wconf 81' lang='lat' dir='ltr'><strong>sobrius</strong></span> <span class='ocrx_word' id='word_1_184' title='bbox 432 1295 693 1346; x_wconf 86' lang='lat' dir='ltr'><strong>pronuntiare</strong></span> <span class='ocrx_word' id='word_1_185' title='bbox 730 1293 876 1345; x_wconf 75' lang='lat' dir='ltr'><strong>potuitz</strong></span> <span class='ocrx_word' id='word_1_186' title='bbox 906 1279 1077 1345; x_wconf 62' lang='lat' dir='ltr'><strong>pa&#39;lu‘s,</strong></span> <span class='ocrx_word' id='word_1_187' title='bbox 1115 1298 1159 1334; x_wconf 90' lang='lat' dir='ltr'><strong>ut</strong></span> <span class='ocrx_word' id='word_1_188' title='bbox 1186 1298 1327 1335; x_wconf 86' lang='lat' dir='ltr'><strong>contra</strong></span> <span class='ocrx_word' id='word_1_189' title='bbox 1353 1305 1402 1334; x_wconf 90' lang='lat' dir='ltr'><strong>ea</strong></span> <span class='ocrx_word' id='word_1_190' title='bbox 1432 1304 1553 1335; x_wconf 88' lang='lat' dir='ltr'><strong>nemo</strong></span> <span class='ocrx_word' id='word_1_191' title='bbox 1591 1291 1903 1334; x_wconf 84' lang='lat' dir='ltr'><strong>Germanorum:</strong></span> <span class='ocrx_word' id='word_1_192' title='bbox 1934 1290 2121 1346; x_wconf 62' lang='lat' dir='ltr'><strong>sumpt,</strong></span> <span class='ocrx_word' id='word_1_193' title='bbox 2150 1293 2248 1345; x_wconf 82' lang='lat' dir='ltr'><strong>quin</strong></span> 
     </span>
    </p>
   </div>
   <div class='ocr_carea' id='block_1_3' title="bbox 73 1365 802 1420">
    <p class='ocr_par' dir='ltr' id='par_1_3' title="bbox 73 1365 802 1420">
     <span class='ocr_line' id='line_1_17' title="bbox 73 1365 802 1420; baseline -0.001 -13"><span class='ocrx_word' id='word_1_194' title='bbox 73 1368 177 1409; x_wconf 88' lang='lat' dir='ltr'><strong>inter</strong></span> <span class='ocrx_word' id='word_1_195' title='bbox 206 1378 426 1420; x_wconf 87' lang='lat' dir='ltr'><strong>puerorum</strong></span> <span class='ocrx_word' id='word_1_196' title='bbox 454 1365 622 1408; x_wconf 85' lang='lat' dir='ltr'><strong>ludibria</strong></span> <span class='ocrx_word' id='word_1_197' title='bbox 651 1365 718 1409; x_wconf 83' lang='lat' dir='ltr'><strong>sit!</strong></span> <span class='ocrx_word' id='word_1_198' title='bbox 747 1388 802 1396; x_wconf 87' lang='lat'><strong>——</strong></span> 
     </span>
    </p>
   </div>
   <div class='ocr_carea' id='block_1_4' title="bbox 636 1493 1677 1558">
    <p class='ocr_par' dir='ltr' id='par_1_4' title="bbox 636 1493 1677 1558">
     <span class='ocr_line' id='line_1_18' title="bbox 636 1493 1677 1558; baseline -0.003 -1"><span class='ocrx_word' id='word_1_199' title='bbox 636 1493 804 1557; x_wconf 81' lang='lat' dir='ltr'><strong>Iljad.</strong></span> <span class='ocrx_word' id='word_1_200' title='bbox 844 1494 969 1557; x_wconf 89' lang='lat' dir='ltr'><strong>Lib.</strong></span> <span class='ocrx_word' id='word_1_201' title='bbox 1009 1494 1220 1558; x_wconf 77' lang='lat' dir='ltr'>XXIII.</span> <span class='ocrx_word' id='word_1_202' title='bbox 1300 1512 1356 1557; x_wconf 69' lang='lat' dir='ltr'><strong>V,</strong></span> <span class='ocrx_word' id='word_1_203' title='bbox 1400 1498 1677 1557; x_wconf 78' lang='lat'><strong>296—7.:</strong></span> 
     </span>
    </p>
   </div>
   <div class='ocr_carea' id='block_1_5' title="bbox 411 1607 1575 1756">
    <p class='ocr_par' dir='ltr' id='par_1_5' title="bbox 411 1607 1575 1756">
     <span class='ocr_line' id='line_1_19' title="bbox 411 1607 1467 1665; baseline -0.001 -14"><span class='ocrx_word' id='word_1_204' title='bbox 411 1608 491 1665; x_wconf 81' lang='grc' dir='ltr'><strong>τήν</strong></span> <span class='ocrx_word' id='word_1_205' title='bbox 518 1607 796 1663; x_wconf 74' lang='grc' dir='ltr'><em>Ἀγαμέμνονι</em></span> <span class='ocrx_word' id='word_1_206' title='bbox 823 1608 922 1651; x_wconf 80' lang='grc' dir='ltr'><em>δῶκ’</em></span> <span class='ocrx_word' id='word_1_207' title='bbox 948 1608 1207 1665; x_wconf 76' lang='grc' dir='ltr'><strong><em>Ἀγχισιάδης</em></strong></span> <span class='ocrx_word' id='word_1_208' title='bbox 1232 1608 1467 1663; x_wconf 82' lang='grc' dir='ltr'><em>Ἐχέπωλος</em></span> 
     </span>
     <span class='ocr_line' id='line_1_20' title="bbox 412 1696 1575 1756; baseline -0.002 -15"><span class='ocrx_word' id='word_1_209' title='bbox 412 1698 525 1755; x_wconf 73' lang='grc' dir='ltr'><em>δῶρ’,</em></span> <span class='ocrx_word' id='word_1_210' title='bbox 556 1697 630 1741; x_wconf 76' lang='grc' dir='ltr'><strong>ἵνα</strong></span> <span class='ocrx_word' id='word_1_211' title='bbox 657 1696 721 1756; x_wconf 85' lang='grc' dir='ltr'><strong>μή</strong></span> <span class='ocrx_word' id='word_1_212' title='bbox 750 1698 793 1741; x_wconf 83' lang='grc' dir='ltr'><strong>οἱ</strong></span> <span class='ocrx_word' id='word_1_213' title='bbox 820 1697 969 1741; x_wconf 73' lang='grc' dir='ltr'><em>ἕποιθ’</em></span> <span class='ocrx_word' id='word_1_214' title='bbox 997 1697 1091 1742; x_wconf 72' lang='grc' dir='ltr'><strong>ΰπό</strong></span> <span class='ocrx_word' id='word_1_215' title='bbox 1105 1696 1237 1741; x_wconf 79' lang='grc' dir='ltr'><em>Ἴλιον</em></span> <span class='ocrx_word' id='word_1_216' title='bbox 1264 1696 1575 1755; x_wconf 80' lang='grc' dir='ltr'><strong><em>ἡνεμόεσσαν,)</em></strong></span> 
     </span>
    </p>
   </div>
   <div class='ocr_carea' id='block_1_6' title="bbox 185 1792 1072 1850">
    <p class='ocr_par' dir='ltr' id='par_1_6' title="bbox 185 1792 1072 1850">
     <span class='ocr_line' id='line_1_21' title="bbox 185 1792 1072 1850; baseline 0 -14"><span class='ocrx_word' id='word_1_217' title='bbox 185 1794 377 1848; x_wconf 68' lang='lat' dir='ltr'><strong>Reponez</strong></span> <span class='ocrx_word' id='word_1_218' title='bbox 405 1794 558 1849; x_wconf 78' lang='grc' dir='ltr'><em>δῶρον,</em></span> <span class='ocrx_word' id='word_1_219' title='bbox 588 1792 644 1835; x_wconf 77' lang='grc' dir='ltr'><strong>ἵν’</strong></span> <span class='ocrx_word' id='word_1_220' title='bbox 672 1793 714 1834; x_wconf 79' lang='grc' dir='ltr'><strong>οἴ</strong></span> <span class='ocrx_word' id='word_1_221' title='bbox 740 1792 803 1850; x_wconf 78' lang='grc' dir='ltr'><strong>μή</strong></span> <span class='ocrx_word' id='word_1_222' title='bbox 828 1793 988 1836; x_wconf 74' lang='grc' dir='ltr'><em>ἕποιθ’.</em></span> <span class='ocrx_word' id='word_1_223' title='bbox 1021 1817 1072 1826; x_wconf 90' lang='grc'><strong>-</strong></span> 
     </span>
    </p>
   </div>
   <div class='ocr_carea' id='block_1_7' title="bbox 600 1896 1697 1984">
    <p class='ocr_par' dir='ltr' id='par_1_7' title="bbox 600 1896 1697 1984">
     <span class='ocr_line' id='line_1_22' title="bbox 600 1896 1697 1984; baseline -0.003 -22"><span class='ocrx_word' id='word_1_224' title='bbox 600 1897 787 1984; x_wconf 79' lang='lat' dir='ltr'><strong>Iliad.</strong></span> <span class='ocrx_word' id='word_1_225' title='bbox 828 1896 952 1961; x_wconf 83' lang='lat' dir='ltr'><strong>Lib.</strong></span> <span class='ocrx_word' id='word_1_226' title='bbox 997 1897 1209 1962; x_wconf 83' lang='lat' dir='ltr'><strong>xxm.</strong></span> <span class='ocrx_word' id='word_1_227' title='bbox 1288 1917 1346 1961; x_wconf 82' lang='lat' dir='ltr'><strong>v.</strong></span> <span class='ocrx_word' id='word_1_228' title='bbox 1393 1901 1697 1963; x_wconf 76' lang='lat'><strong>597—98.:</strong></span> 
     </span>
    </p>
   </div>
   <div class='ocr_carea' id='block_1_8' title="bbox 72 2010 2245 2477">
    <p class='ocr_par' dir='ltr' id='par_1_8' title="bbox 411 2010 1482 2161">
     <span class='ocr_line' id='line_1_23' title="bbox 411 2010 1482 2070; baseline 0.001 -15"><span class='ocrx_word' id='word_1_229' title='bbox 411 2015 459 2056; x_wconf 83' lang='grc' dir='ltr'><strong>ἐν</strong></span> <span class='ocrx_word' id='word_1_230' title='bbox 489 2017 674 2070; x_wconf 82' lang='grc' dir='ltr'><strong><em>χείρεσσι</em></strong></span> <span class='ocrx_word' id='word_1_231' title='bbox 702 2016 808 2070; x_wconf 76' lang='grc' dir='ltr'><strong><em>τίθη</em></strong></span> <span class='ocrx_word' id='word_1_232' title='bbox 835 2010 1079 2056; x_wconf 74' lang='grc' dir='ltr'><em>Μενελάου.</em></span> <span class='ocrx_word' id='word_1_233' title='bbox 1136 2015 1228 2055; x_wconf 81' lang='grc' dir='ltr'><strong>τοῖο</strong></span> <span class='ocrx_word' id='word_1_234' title='bbox 1258 2014 1308 2055; x_wconf 83' lang='grc' dir='ltr'><strong>δὲ</strong></span> <span class='ocrx_word' id='word_1_235' title='bbox 1335 2012 1482 2067; x_wconf 71' lang='grc' dir='ltr'><em>θυμός</em></span> 
     </span>
     <span class='ocr_line' id='line_1_24' title="bbox 411 2101 1375 2161; baseline -0.003 -14"><span class='ocrx_word' id='word_1_236' title='bbox 411 2104 548 2161; x_wconf 76' lang='grc' dir='ltr'><strong><em>ἰάνθη</em></strong></span> <span class='ocrx_word' id='word_1_237' title='bbox 578 2104 634 2153; x_wconf 74' lang='grc' dir='ltr'><strong>ὥς</strong></span> <span class='ocrx_word' id='word_1_238' title='bbox 663 2104 709 2146; x_wconf 84' lang='grc' dir='ltr'><strong>εἴ</strong></span> <span class='ocrx_word' id='word_1_239' title='bbox 730 2120 776 2145; x_wconf 74' lang='grc' dir='ltr'><strong>τε</strong></span> <span class='ocrx_word' id='word_1_240' title='bbox 806 2104 907 2159; x_wconf 84' lang='grc' dir='ltr'><strong>περὶ</strong></span> <span class='ocrx_word' id='word_1_241' title='bbox 936 2101 1198 2157; x_wconf 72' lang='grc' dir='ltr'><strong><em>σταχύεσσιν</em></strong></span> <span class='ocrx_word' id='word_1_242' title='bbox 1227 2103 1352 2158; x_wconf 77' lang='grc' dir='ltr'><strong><em>ἐέρση</em></strong></span> <span class='ocrx_word' id='word_1_243' title='bbox 1350 2106 1375 2154; x_wconf 92' lang='grc'><strong><em>)</em></strong></span> 
     </span>
    </p>

    <p class='ocr_par' dir='ltr' id='par_1_9' title="bbox 72 2197 2245 2477">
     <span class='ocr_line' id='line_1_25' title="bbox 186 2197 2244 2257; baseline -0.002 -13"><span class='ocrx_word' id='word_1_244' title='bbox 186 2201 287 2245; x_wconf 82' lang='lat' dir='ltr'><strong>Olirn</strong></span> <span class='ocrx_word' id='word_1_245' title='bbox 327 2202 503 2246; x_wconf 88' lang='lat' dir='ltr'><strong>conieci:</strong></span> <span class='ocrx_word' id='word_1_246' title='bbox 545 2202 670 2257; x_wconf 75' lang='grc' dir='ltr'><strong><em>ἐέρσῃ</em></strong></span> <span class='ocrx_word' id='word_1_247' title='bbox 712 2198 766 2257; x_wconf 70' lang='lat' dir='ltr'><strong>et}</strong></span> <span class='ocrx_word' id='word_1_248' title='bbox 794 2199 976 2243; x_wconf 87' lang='lat' dir='ltr'><strong>intellexi</strong></span> <span class='ocrx_word' id='word_1_249' title='bbox 1016 2212 1040 2241; x_wconf 92' lang='lat' dir='ltr'><strong>e</strong></span> <span class='ocrx_word' id='word_1_250' title='bbox 1079 2199 1239 2243; x_wconf 87' lang='lat' dir='ltr'><strong>nomine</strong></span> <span class='ocrx_word' id='word_1_251' title='bbox 1269 2197 1426 2253; x_wconf 73' lang='grc' dir='ltr'><em>θυμοῦ</em></span> <span class='ocrx_word' id='word_1_252' title='bbox 1450 2200 1531 2242; x_wconf 88' lang='lat' dir='ltr'><strong>vlm</strong></span> <span class='ocrx_word' id='word_1_253' title='bbox 1571 2198 1752 2250; x_wconf 83' lang='lat' dir='ltr'><strong>vitalem3</strong></span> <span class='ocrx_word' id='word_1_254' title='bbox 1782 2210 1887 2241; x_wconf 86' lang='lat' dir='ltr'><strong>nunc</strong></span> <span class='ocrx_word' id='word_1_255' title='bbox 1913 2209 2096 2253; x_wconf 82' lang='lat' dir='ltr'><strong>repono:</strong></span> <span class='ocrx_word' id='word_1_256' title='bbox 2142 2197 2244 2253; x_wconf 77' lang='grc' dir='ltr'><strong>περὶ</strong></span> 
     </span>
     <span class='ocr_line' id='line_1_26' title="bbox 72 2272 2245 2341; baseline -0.002 -23"><span class='ocrx_word' id='word_1_257' title='bbox 72 2274 269 2331; x_wconf 77' lang='grc' dir='ltr'><strong>στάχυες,</strong></span> <span class='ocrx_word' id='word_1_258' title='bbox 298 2276 385 2320; x_wconf 80' lang='lat' dir='ltr'><strong>vel:</strong></span> <span class='ocrx_word' id='word_1_259' title='bbox 426 2283 509 2331; x_wconf 78' lang='grc' dir='ltr'><strong>περ</strong></span> <span class='ocrx_word' id='word_1_260' title='bbox 539 2273 754 2339; x_wconf 74' lang='grc' dir='ltr'><strong><em>ἀστάχυες</em></strong></span> <span class='ocrx_word' id='word_1_261' title='bbox 790 2272 873 2341; x_wconf 71' lang='grc' dir='ltr'><strong>σΰν</strong></span> <span class='ocrx_word' id='word_1_262' title='bbox 903 2273 1052 2330; x_wconf 78' lang='grc' dir='ltr'><strong><em>ἐέρσῃ,</em></strong></span> <span class='ocrx_word' id='word_1_263' title='bbox 1081 2274 1107 2318; x_wconf 79' lang='grc' dir='ltr'><strong>ί.</strong></span> <span class='ocrx_word' id='word_1_264' title='bbox 1139 2286 1179 2316; x_wconf 90' lang='lat' dir='ltr'><strong>e.</strong></span> <span class='ocrx_word' id='word_1_265' title='bbox 1206 2274 1282 2315; x_wconf 90' lang='lat' dir='ltr'><strong>uti</strong></span> <span class='ocrx_word' id='word_1_266' title='bbox 1311 2274 1511 2316; x_wconf 88' lang='lat' dir='ltr'><strong>circum</strong></span> <span class='ocrx_word' id='word_1_267' title='bbox 1540 2274 1653 2315; x_wconf 84' lang='lat' dir='ltr'><strong>sive</strong></span> <span class='ocrx_word' id='word_1_268' title='bbox 1692 2273 1908 2327; x_wconf 90' lang='lat' dir='ltr'><strong>penitus</strong></span> <span class='ocrx_word' id='word_1_269' title='bbox 1947 2273 2129 2328; x_wconf 87' lang='lat' dir='ltr'><strong>spicae</strong></span> <span class='ocrx_word' id='word_1_270' title='bbox 2156 2284 2245 2314; x_wconf 89' lang='lat' dir='ltr'><strong>re-</strong></span> 
     </span>
     <span class='ocr_line' id='line_1_27' title="bbox 72 2345 2244 2403; baseline -0.003 -11"><span class='ocrx_word' id='word_1_271' title='bbox 72 2355 324 2392; x_wconf 89' lang='lat' dir='ltr'><strong>creantur</strong></span> <span class='ocrx_word' id='word_1_272' title='bbox 365 2350 588 2393; x_wconf 86' lang='lat' dir='ltr'><strong>simulac</strong></span> <span class='ocrx_word' id='word_1_273' title='bbox 626 2361 753 2392; x_wconf 89' lang='lat' dir='ltr'><strong>rore</strong></span> <span class='ocrx_word' id='word_1_274' title='bbox 794 2347 1200 2403; x_wconf 78' lang='lat' dir='ltr'><strong>perfunduntur.</strong></span> <span class='ocrx_word' id='word_1_275' title='bbox 1240 2370 1296 2377; x_wconf 87' lang='lat'><em>-</em></span> <span class='ocrx_word' id='word_1_276' title='bbox 1336 2346 1511 2402; x_wconf 84' lang='lat' dir='ltr'><strong>Vulgata</strong></span> <span class='ocrx_word' id='word_1_277' title='bbox 1551 2348 1746 2400; x_wconf 84' lang='lat' dir='ltr'><strong>scriptura</strong></span> <span class='ocrx_word' id='word_1_278' title='bbox 1775 2346 1840 2389; x_wconf 87' lang='lat' dir='ltr'><strong>rei</strong></span> <span class='ocrx_word' id='word_1_279' title='bbox 1863 2350 2045 2389; x_wconf 82' lang='lat' dir='ltr'><strong>naturam</strong></span> <span class='ocrx_word' id='word_1_280' title='bbox 2072 2345 2244 2387; x_wconf 84' lang='lat' dir='ltr'><strong>invertit.</strong></span> 
     </span>
     <span class='ocr_line' id='line_1_28' title="bbox 72 2422 1027 2477; baseline 0 -12"><span class='ocrx_word' id='word_1_281' title='bbox 72 2447 122 2455; x_wconf 89' lang='lat'>—</span> <span class='ocrx_word' id='word_1_282' title='bbox 157 2424 275 2467; x_wconf 77' lang='lat' dir='ltr'><strong>vers.</strong></span> <span class='ocrx_word' id='word_1_283' title='bbox 304 2422 401 2466; x_wconf 79' lang='lat'><strong>679.</strong></span> <span class='ocrx_word' id='word_1_284' title='bbox 432 2436 513 2466; x_wconf 87' lang='lat' dir='ltr'><strong>non</strong></span> <span class='ocrx_word' id='word_1_285' title='bbox 542 2428 606 2466; x_wconf 88' lang='lat' dir='ltr'><strong>est</strong></span> <span class='ocrx_word' id='word_1_286' title='bbox 636 2422 811 2477; x_wconf 90' lang='lat' dir='ltr'><strong>Oedipus</strong></span> <span class='ocrx_word' id='word_1_287' title='bbox 839 2422 940 2476; x_wconf 76' lang='lat' dir='ltr'><strong>ipse.</strong></span> <span class='ocrx_word' id='word_1_288' title='bbox 972 2444 1027 2452; x_wconf 92' lang='lat'><strong>—-</strong></span> 
     </span>
    </p>
   </div>
   <div class='ocr_carea' id='block_1_9' title="bbox 721 2523 1596 2590">
    <p class='ocr_par' dir='ltr' id='par_1_10' title="bbox 721 2523 1596 2590">
     <span class='ocr_line' id='line_1_29' title="bbox 721 2523 1596 2590; baseline -0.008 0"><span class='ocrx_word' id='word_1_289' title='bbox 721 2524 893 2590; x_wconf 79' lang='lat' dir='ltr'><strong>Iliad.</strong></span> <span class='ocrx_word' id='word_1_290' title='bbox 933 2524 1056 2590; x_wconf 76' lang='lat' dir='ltr'><strong>Lib.</strong></span> <span class='ocrx_word' id='word_1_291' title='bbox 1097 2523 1305 2587; x_wconf 71' lang='lat' dir='ltr'>XXIV.</span> <span class='ocrx_word' id='word_1_292' title='bbox 1385 2543 1441 2587; x_wconf 75' lang='lat' dir='ltr'><strong>v.</strong></span> <span class='ocrx_word' id='word_1_293' title='bbox 1482 2529 1596 2588; x_wconf 51' lang='lat'><strong>560:</strong></span> 
     </span>
    </p>
   </div>
   <div class='ocr_carea' id='block_1_10' title="bbox 412 2638 1437 2700">
    <p class='ocr_par' dir='ltr' id='par_1_11' title="bbox 412 2638 1437 2700">
     <span class='ocr_line' id='line_1_30' title="bbox 412 2638 1437 2700; baseline -0.005 -15"><span class='ocrx_word' id='word_1_294' title='bbox 412 2644 476 2700; x_wconf 80' lang='grc' dir='ltr'><strong>εἴη</strong></span> <span class='ocrx_word' id='word_1_295' title='bbox 504 2658 578 2686; x_wconf 75' lang='grc' dir='ltr'><strong>κεν</strong></span> <span class='ocrx_word' id='word_1_296' title='bbox 607 2644 678 2684; x_wconf 79' lang='grc' dir='ltr'><strong>καὶ</strong></span> <span class='ocrx_word' id='word_1_297' title='bbox 707 2642 838 2685; x_wconf 81' lang='grc' dir='ltr'><em>τοῦτο</em></span> <span class='ocrx_word' id='word_1_298' title='bbox 866 2640 966 2684; x_wconf 75' lang='grc' dir='ltr'><strong><em>τεόν</em></strong></span> <span class='ocrx_word' id='word_1_299' title='bbox 995 2642 1114 2692; x_wconf 82' lang='grc' dir='ltr'><em>ἔπος,</em></span> <span class='ocrx_word' id='word_1_300' title='bbox 1143 2638 1437 2696; x_wconf 75' lang='grc' dir='ltr'><strong>ἄργυρότοξε,)</strong></span> 
     </span>
    </p>
   </div>
   <div class='ocr_carea' id='block_1_11' title="bbox 184 2729 2250 2795">
    <p class='ocr_par' dir='ltr' id='par_1_12' title="bbox 184 2729 2250 2795">
     <span class='ocr_line' id='line_1_31' title="bbox 184 2729 2250 2795; baseline -0.004 -13"><span class='ocrx_word' id='word_1_301' title='bbox 184 2740 372 2795; x_wconf 70' lang='grc' dir='ltr'><strong>Ιοροιιοε</strong></span> <span class='ocrx_word' id='word_1_302' title='bbox 405 2738 531 2782; x_wconf 72' lang='grc' dir='ltr'><strong><em>κενὸν</em></strong></span> <span class='ocrx_word' id='word_1_303' title='bbox 558 2739 675 2787; x_wconf 78' lang='grc' dir='ltr'><em>ἔπος.</em></span> <span class='ocrx_word' id='word_1_304' title='bbox 707 2760 761 2770; x_wconf 90' lang='lat'>-</span> <span class='ocrx_word' id='word_1_305' title='bbox 790 2738 1040 2781; x_wconf 85' lang='lat' dir='ltr'><strong>Adiectivum</strong></span> <span class='ocrx_word' id='word_1_306' title='bbox 1066 2732 1210 2783; x_wconf 76' lang='grc' dir='ltr'><strong>κενεός</strong></span> <span class='ocrx_word' id='word_1_307' title='bbox 1237 2738 1278 2776; x_wconf 92' lang='lat' dir='ltr'><strong>et</strong></span> <span class='ocrx_word' id='word_1_308' title='bbox 1303 2732 1429 2783; x_wconf 73' lang='grc' dir='ltr'><strong>κενός</strong></span> <span class='ocrx_word' id='word_1_309' title='bbox 1465 2738 1529 2778; x_wconf 82' lang='lat' dir='ltr'><strong>est</strong></span> <span class='ocrx_word' id='word_1_310' title='bbox 1554 2735 1731 2788; x_wconf 85' lang='lat' dir='ltr'><strong>inanis,</strong></span> <span class='ocrx_word' id='word_1_311' title='bbox 1761 2744 1926 2784; x_wconf 82' lang='lat' dir='ltr'><strong>vanus,</strong></span> <span class='ocrx_word' id='word_1_312' title='bbox 1959 2729 2166 2786; x_wconf 72' lang='grc' dir='ltr'><strong>μάταιοςς</strong></span> <span class='ocrx_word' id='word_1_313' title='bbox 2195 2730 2250 2774; x_wconf 62' lang='lat' dir='ltr'><strong>cta</strong></span> 
     </span>
    </p>
   </div>
  </div>
 </body>
</html>
