2360 3024
204 287 393 330 Ceterum
437 289 589 331 erravit
627 287 1036 342 Vernsdorfins,
1074 290 1143 345 qui
1180 291 1234 334 ad
1261 290 1406 346 ro*
1417 288 1513 341 uin.
1550 287 1622 334 m.
1639 241 1772 334 ὗσιη.
1800 249 1949 346 δουρὶ.
1974 289 2120 336 ineat.
2150 292 2268 336 Anot-

91 374 129 399 ν.
164 360 250 400 14.:

500 432 618 475 Nam
650 430 837 476 volens
867 446 1089 488 parere,
1117 436 1269 492 regit
1287 422 1493 483 (inde
1519 455 1578 468 —-
1601 465 1620 494 ,
1674 422 1686 427 γ’

91 505 192 547 haee
233 507 506 549 annotaverit·
550 506 835 561 „Trisyllabum
876 507 1075 551 deinde
1113 521 1138 564 p
1162 502 1204 521 '³
1268 505 1272 508 ’
1366 486 1463 564 *pta
1491 512 1640 595 ogntra
1677 520 1796 552 usum
1822 508 2034 554 meliorum
2062 513 2272 564 poetarum

92 578 192 621 est.“
228 602 281 610 —
311 580 369 621 Cf.
399 580 560 622 '.l'erent
590 580 714 622 Andr.
745 580 786 631 3,
817 580 858 632 2,
887 580 928 622 3.
956 582 996 623 in
1026 569 1333 638 elegantissimis
1359 581 1586 630 nanctum
1613 582 1825 628 vetabat

496 654 640 695 Nunc
670 652 883 708 primu'm
912 654 993 698 fao
1020 656 1193 699 istaec
1220 657 1385 699 lavet.
1396 657 1577 703 2:
1686 678 1695 692 ⁴
1719 698 1722 700 ,

205 725 314 767 Iliad
345 725 513 777 20,138.
541 727 581 771 J.
611 727 887 769 Bekkerus
917 712 1072 770 sustulit
1102 729 1360 772 absurdum
1458 781 1564 790 -
1637 724 1724 783 ’,’,,,

92 810 260 841 acumen
282 798 485 842 Alemanio
506 801 664 843 somnio
678 801 938 856 acquiescere
954 802 1082 856 potuit
1096 806 1228 845 ettam
1256 801 1396 857 perple
1462 786 1560 837 ··ῑ”’””ΐῖῘ
1587 822 1590 824 Δ
1620 821 1639 829 ··
1724 789 1800 818 ⁴⁵

93 868 119 926 ἢ
147 872 188 913 in
216 873 287 913 καὶ
318 878 535 916 mutaretur
564 874 742 917 scilicet!
771 898 826 906 —

768 977 941 1041 Iliad.
982 978 1105 1041 Lib.
1146 979 1271 1041 XX.
1353 996 1411 1040 v.
1454 983 1590 1041 215.:

433 1088 663 1146 Δάρδανον
692 1082 756 1133 αὖ
784 1090 961 1146 πρῶτον
989 1097 1135 1133 τέκετο
1162 1091 1473 1147 νεφεληγερέτα
1500 1089 1663 1143 Ζειίς,)

209 1164 283 1207 Ηίσ
326 1155 407 1206 οὖν
447 1164 604 1206 videtur
632 1165 888 1207 scribendum
926 1177 1042 1217 esse,
1080 1165 1315 1220 praesertim
1343 1177 1464 1219 quum
1494 1178 1532 1208 v.
1562 1164 1663 1207 219.
1690 1167 1903 1218 sequatur:
1941 1160 2166 1217 Δάρδανος
2208 1153 2271 1204 αὖ

93 1235 238 1279 τέκεθ’
268 1235 378 1280 υἴόν.
438 1236 496 1280 Cf.
526 1249 630 1291 quae
659 1237 708 1279 ad
736 1236 848 1290 4,st
879 1238 1079 1280 annotavi.
1106 1260 1163 1269 —-

702 1341 872 1406 Iliad.
915 1342 1037 1406 Lib.
1078 1343 1204 1405 XX.
1284 1359 1341 1404 V.
1381 1345 1670 1405 316-17.:

435 1456 535 1512 μηδ’
564 1455 693 1499 ὁπότ’
720 1453 777 1498 ἄν
813 1459 942 1512 Τροίη
969 1455 1144 1512 μαλερῷ
1171 1455 1278 1511 πυρὶ
1307 1455 1434 1497 πᾶσα
1459 1453 1618 1509 δάηται
1646 1472 1657 1502 η

432 1530 655 1585 δαιομένη,
686 1530 840 1571 δαίωσι
867 1528 907 1570 δ’
934 1527 1076 1585 α’ρήιοι
1105 1522 1193 1577 υἷες
1219 1526 1458 1582 Ἀχαιῶν.“)

206 1604 391 1656 Repone:
422 1603 550 1644 πᾶσα
579 1605 778 1657 θέρηται,
808 1603 835 1645 i.
865 1615 904 1644 e.
933 1603 1155 1644 incensa
1183 1606 1463 1650 exuretur;
1492 1599 1545 1641 ef.
1573 1597 1715 1652 6,331.
1745 1620 1800 1630 —

764 1706 931 1769 Iliad.
970 1706 1095 1769 Lib.
1134 1706 1259 1768 XX.
1338 1721 1394 1767 v.
1434 1707 1588 1767 362:

430 1820 542 1862 (ἑλλοὶ
568 1819 690 1873 μάλα
721 1819 865 1872 στιχός
893 1813 983 1872 εἶμι
1010 1820 1261 1873 ἆιαμπερές,
1290 1815 1398 1862 οὐδέ
1421 1816 1503 1859 τιν’
1533 1816 1631 1867 οἴω)

205 1896 395 1949 Repone:
431 1892 543 1935 κατιὶ
573 1896 748 1947 στίχας,·
790 1892 842 1933 cf.
876 1891 1011 1943 um.
1041 1914 1096 1922 —
1125 1892 1279 1933 Versus
1306 1890 1406 1932 429.
1435 1889 1553 1931 affert
1580 1889 1676 1930 mihi
1705 1886 1939 1929 memoriam
1968 1885 2078 1929 iliad.
2108 1884 2267 1938 1567..

92 1969 161 2012 ubi
199 1973 312 2012 reete
350 1968 584 2023 Heynius
622 1966 821 2021 reposuit:
860 1955 1002 2008 ἆσσον
1038 1960 1201 2015 ἰόντες,
1240 1957 1303 2005 ὅτ’
1340 1958 1398 2005 ἄν
1434 1976 1504 2005 τοι
1512 1977 1528 2012 ,·
1567 1960 1620 2006 cf.
1649 1960 1737 2005 eius
1765 1959 2058 2003 annotationem
2087 1962 2129 2000 et
2156 1957 2269 2002 mad.

94 2042 236 2094 15‚22.
270 2064 316 2072 -

718 2125 889 2191 Iliad.
928 2124 1056 2189 Lib.
1095 2124 1222 2188 XX.
1302 2140 1359 2185 v.
1396 2125 1651 2186 493-4.;

434 2233 490 2292 ὦς
520 2238 544 2285 ὅ
572 2258 617 2296 γε
647 2239 793 2297 πάντῃ
822 2238 938 2283 θῦνε
965 2236 1049 2282 σῦν
1076 2238 1202 2292 ἔγχει,
1231 2236 1410 2290 δαίμονι
1439 2227 1545 2287 ἶσος,

433 2320 731 2370 κτεινομένους
760 2314 952 2369 ἐφέπων·
981 2312 1052 2367 ῥέε
1079 2309 1120 2352 δ’
1149 2307 1304 2363 αἵματι
1330 2309 1433 2361 γαΐα
1461 2306 1680 2361 μέλαινα.)

206 2393 396 2444 Repone:
435 2392 612 2429 κτείνων
650 2387 751 2435 τούς
781 2387 960 2441 ἐφέπων
970 2400 987 2434 ,·
1037 2384 1088 2425 cf.
1130 2381 1227 2424 357.
1271 2380 1439 2431 11,154.
1473 2379 1567 2420 177.
1594 2379 1692 2420 496.
1722 2377 1894 2428 21‚542.
1949 2375 2052 2417 Olim
2093 2375 2271 2416 coniecit

94 2464 364 2516 εἰλομένους,
403 2464 430 2505 i.
471 2475 507 2505 e·
546 2474 638 2503 suo
683 2462 907 2515 ipsorum
955 2457 1115 2513 globo
1159 2453 1456 2507 impeditos.
1497 2474 1552 2482 -
1595 2450 1910 2503 Spitznerus
1952 2448 2069 2490 affert
2108 2445 2267 2498 quidem

93 2537 234 2586 locos,
274 2537 339 2577 ubi
375 2532 649 2587 κτεινόμενος
687 2533 851 2583 dicitur,
899 2530 971 2573 sed
1011 2541 1093 2571 non
1131 2527 1318 2582 probavit
1346 2528 1645 2576 κτεινομένους
1673 2522 1857 2576 ἐφέπειν
1886 2533 1969 2562 ηοη
2007 2521 2268 2572 praepostere

94 2609 197 2660 dici3
233 2621 378 2663 reapse
418 2609 521 2651 enim
560 2607 805 2649 contrarium
843 2605 908 2647 fit.
948 2602 1123 2645 Achilles
1159 2600 1344 2643 interficit
1382 2610 1468 2648 eos,
1509 2608 1612 2652 quos
1650 2598 1868 2638 insectatur
1911 2597 1953 2635 et
1981 2590 2147 2646 premit,
2185 2600 2269 2630 non

93 2684 311 2726 insectatur
351 2685 393 2724 et
432 2681 576 2736 premit
619 2692 720 2733 eos,
774 2690 878 2733 quos
917 2674 1123 2727 interficit,
1169 2672 1310 2725 1,.410
1351 2670 1474 2714 ἔλσαι
1516 2673 1818 2725 κτεινομένους
1845 2670 1908 2710 est
1936 2661 2269 2718 compellere

95 2754 391 2799 caedendo
421 2777 475 2785 -
