2360 3024
1007 181 1367 235 *uzu-s·-

108 319 263 377 quidem
285 322 349 362 est
372 322 536 369 certum,
557 318 591 358 si
610 316 894 371 pronuntianda
920 317 1063 359 Latinis
1073 318 1210 359 litteris
1240 320 1528 373 concipiuntur,
1558 318 1752 362 difficilius
1777 319 1879 369 fieri,
1907 325 1951 362 ut
1979 325 2056 363 tam
2083 322 2256 365 hilariter

108 406 235 437 aureo
266 392 452 434 orationis
479 392 626 433 flumini
655 391 919 446 indulgeatur.
949 415 1000 423 -

225 466 271 510 V.
304 466 401 508 646.
432 465 641 507 Genitivus
671 466 820 519 pendet
849 477 873 506 e
903 476 1002 505 voce
1032 466 1127 521 βίῃ,·
1156 467 1220 519 qui
1251 466 1390 507 dicitur
1402 466 1616 517 absolutus,
1645 468 1817 520 pessime
1846 468 1909 510 hic
1939 467 2094 511 etlliad.
2118 468 2254 521 1,430.

108 545 171 583 est
200 542 470 589 conveniens;
508 540 572 592 qui
609 539 763 592 quidem
798 540 836 580 in
877 539 1068 580 eiusmodi
1103 539 1193 581 loco
1233 541 1345 580 etiam
1379 544 1594 593 propterea
1622 552 1703 580 non
1732 545 1864 594 potest
1892 544 2031 594 statui,
2070 543 2253 595 quoniam

102 615 206 668 apud
233 615 448 656 nnmerum
478 614 638 654 omnino
668 613 886 653 rarissimus
916 617 994 663 est;
1023 613 1073 654 cf.
1101 613 1146 653 F.
1168 613 1215 655 A.
1233 613 1370 655 Wolf.
1399 613 1447 654 ad
1459 612 1564 655 lliad.
1584 612 1724 663 4,417.
1734 627 1746 661 3
1776 613 1877 667 (vid.
1907 616 2069 657 Lehrs.
2091 616 2253 664 Quaest.

103 689 178 742 Ep.
207 702 247 742 p.
279 688 393 740 189.)
404 701 417 737 ;
447 688 513 728 ubi
543 693 669 727 tamen
700 686 800 726 falso
849 687 1069 727 absolutum
1112 699 1202 728 esse
1251 687 1426 739 opinatus
1462 692 1543 737 est;
1595 700 1682 728 nam
1727 688 1925 740 genitivus
1969 693 2082 742 aptus
2123 694 2186 732 est
2229 703 2252 730 e

104 764 267 805 nomine
296 763 478 811 πένθος,
507 760 617 803 Iliad.
648 759 759 810 2‚96.
789 773 813 800 e
841 761 1000 802 nomine
1030 761 1143 812 γαΐα,
1174 759 1310 806 5.203.
1340 773 1364 802 e
1393 761 1552 802 nomine
1582 761 1743 815 φορβῆς
1771 766 1812 803 et
1841 761 1914 803 od.
1932 760 2253 812 17‚296.evoce

103 834 356 883 ἀπόθεστος
405 834 479 888 (cf.
499 831 698 888 22,397.).
767 833 829 873 Sic
880 833 967 875 sere
1007 832 1106 886 apud
1143 832 1355 875 Homerum
1399 833 1476 875 hoc
1515 833 1669 874 dicendi
1708 846 1836 888 genus
1875 838 1936 875 est
1975 839 2253 889 comparatum.

104 910 269 952 Flexum
298 911 385 951 eius
415 910 455 949 in
482 908 719 961 posterioris
750 908 889 948 aetatis
919 919 1031 948 usum
1059 906 1211 960 planius
1237 907 1407 948 ostendit
1436 906 1608 961 exempli
1637 919 1778 948 caussa
1809 907 1949 960 Odyss.
1975 907 2114 960 2035,
2172 909 2252 951 Sed

101 997 263 1039 reapse,
292 984 327 1025 si
355 983 529 1038 quaeriS,
559 981 706 1035 pendet
735 982 933 1035 genitivus
962 993 986 1021 e
1014 981 1174 1022 nomine
1202 978 1380 1034 γαστέρ’,
1410 1004 1460 1011 -·
1492 981 1575 1023 Hae
1605 985 1696 1023 sunt
1714 993 1878 1024 caussae
1901 981 2012 1023 huius
2032 982 2252 1025 locutionis.

102 1082 155 1090 —
184 1059 328 1100 Verius
359 1058 425 1111 qui
456 1057 609 1098 dicatur
638 1055 856 1106 absolutus,
886 1055 1000 1096 verbi
1029 1055 1155 1109 gratia
1186 1059 1248 1097 est
1276 1054 1381 1097 Iliad.
1412 1053 1579 1106 21,437.
1611 1079 1660 1086 —

771 1158 974 1239 Odyss.
1013 1158 1136 1222 Lib.
1175 1158 1274 1222 IV.
1354 1177 1409 1222 v.
1448 1163 1595 1223 692:

437 1271 569 1318 ἄλλον
596 1274 633 1316 κ’
661 1275 891 1332 ἐχθαίρῃσι
918 1274 1097 1330 βροτῶν,
1126 1270 1259 1315 ἄλλον
1287 1290 1333 1314 κε
1363 1272 1542 1329 φιλοίη.)

213 1353 396 1407 Repone:
427 1348 640 1406 ἐχθήρειε,
672 1354 711 1390 et
740 1349 792 1391 cf.
822 1361 924 1402 quae
953 1349 1005 1391 ad
1033 1362 1071 1390 v.
1100 1348 1197 1389 546.
1226 1351 1267 1389 et
1295 1347 1345 1389 ad
1374 1347 1482 1389 Iliad.
1512 1346 1764 1399 16‚650-1.
1795 1349 1991 1391 annotavi.
2021 1373 2073 1379 -—

780 1454 980 1535 odyss,
1020 1453 1141 1517 Lib.
1180 1451 1248 1515 V.
1328 1471 1383 1515 v,
1423 1456 1576 1517 206.:

445 1571 490 1614 εἴ
511 1587 555 1626 γε
583 1574 664 1625 μὲν
693 1569 845 1626 εἰδείης
873 1568 972 1627 σῇσι
1003 1567 1169 1623 φρεσὶν,
1201 1563 1311 1609 ὅσσα
1338 1581 1405 1608 τοι
1434 1561 1560 1616 αἶσα)

211 1649 401 1705 Repone:
430 1661 502 1688 κεν
530 1644 692 1701 εἰδείης.
751 1643 852 1686 Olim
883 1644 1011 1686 coni-2
1039 1643 1091 1684 δέ
1102 1656 1185 1683 κεν.
1215 1664 1271 1673 -
1301 1641 1359 1683 Cf.
1391 1640 1685 1696 odyss.7,315.
1714 1647 1754 1684 et
1784 1654 1887 1697 quae
1916 1642 1964 1684 ad
1978 1642 2082 1685 lliad.
2097 1642 2248 1695 2,703.‚

104 1724 243 1775 5‚516.
273 1723 470 1765 annotavi.
498 1743 555 1751 —
585 1719 699 1767 Quod
727 1719 1029 1759 Buttmannus
1057 1718 1097 1757 in
1113 1717 1277 1758 Scholiis
1295 1720 1582 1765 commemorat,
1611 1720 1750 1768 γε’μεν,
1775 1717 1967 1758 Hercules
1989 1718 2249 1770 exquisitissi-

99 1812 203 1841 mum
234 1802 298 1839 est
327 1802 369 1838 et
398 1795 680 1850 dignissimum,
711 1792 816 1845 quod
845 1791 1119 1832 contribuatur
1148 1803 1236 1832 cum
1266 1802 1313 1830 ea
1343 1790 1536 1842 prosapia,
1567 1791 1680 1832 cuius
1708 1795 1799 1831 sunt
1828 1787 2004 1845 δηλαδή,
2034 1788 2247 1846 δηλονότι,

97 1870 560 1925 impraesentiarum,
603 1871 679 1909 cet.
719 1889 769 1897 —
814 1867 873 1906 Γέ
908 1876 988 1907 non
1028 1863 1152 1918 magis
1197 1875 1290 1905 esse
1335 1867 1467 1916 potest
1507 1862 1634 1914 idem,
1674 1863 1783 1916 quod
1811 1862 1874 1915 δέ,
1906 1876 2021 1918 quam
2049 1862 2102 1904 δέ
2128 1863 2247 1914 idem,

100 1945 207 1999 quod
233 1948 291 1997 γε’.
322 1965 376 1972 -

211 2017 356 2072 odyss,
386 2014 525 2067 6‚201.
566 2014 614 2054 ad
654 2011 874 2054 Aristarchi
917 2016 958 2052 et
995 2010 1152 2053 Faesii
1192 2010 1555 2063 interpretationem
1593 2009 1819 2051 locutionis:
1858 2007 1936 2051 οὐκ
1978 2007 2075 2050 ἔσθ’
2118 1998 2245 2057 οὗτος

98 2089 206 2147 ἀνήρ
241 2088 375 2145 διερὸς
402 2086 568 2144 βροτός,
599 2085 704 2129 ου’δὲ
732 2090 918 2141 γένηται,
956 2084 1059 2138 apud
1097 2084 1211 2127 SerV.
1247 2083 1299 2126 ad
1328 2084 1439 2140 Virg.
1469 2083 1519 2125 A.
1547 2083 1686 2136 9‚42*2.
1715 2089 1757 2127 et
1784 2083 1961 2126 Macrob.
1988 2082 2067 2125 Sat.
2096 2083 2175 2135 Vl„
2206 2084 2243 2126 1.

98 2165 245 2208 Ennius
272 2167 403 2218 potest
430 2161 626 2204 conferri:

433 2236 535 2279 Non
564 2234 642 2290 pol
671 2234 806 2276 homo
836 2234 1076 2288 quisquam
1103 2230 1250 2273 faciet
1275 2231 1460 2285 impune
1489 2231 1712 2272 animatus

441 2311 558 2362 Hoc,
586 2309 679 2352 nisi
706 2313 773 2351 tut
803 2319 901 2348 nam
930 2308 986 2349 mi
1016 2306 1170 2348 calido
1200 2305 1280 2347 das
1308 2306 1540 2361 sanguine
1567 2315 1759 2359 poenaS.
1789 2325 1841 2336 -
1871 2317 1886 2356 ς

99 2387 175 2432 sed
189 2386 316 2429 verba
332 2396 413 2427 non
427 2385 519 2428 salis
531 2383 714 2427 videntur
732 2393 823 2425 esse
842 2394 938 2423 sana
958 2385 998 2423 et
1021 2379 1311 2435 reponendum:
1344 2378 1458 2421 dabi’
1488 2379 1717 2435 sanguine
1747 2376 1926 2435 (Vin-gil:
1955 2375 2245 2433 persolves);

96 2460 267 2505 deinde:
301 2458 512 2509 faciens,
561 2458 646 2501 vel:
698 2456 868 2500 facere
918 2459 1001 2496 est.
1063 2454 1116 2497 At
1158 2465 1258 2494 vero
1302 2452 1494 2494 sententia
1533 2452 1689 2494 videtur
1726 2452 1931 2508 flagitaret
1968 2451 2096 2500 Hoc;
2135 2450 2243 2492 mihi

95 2540 144 2577 tu
172 2545 273 2576 nam
302 2543 405 2583 nae,
434 2531 517 2572 vel:
547 2543 654 2574 cum.
683 2553 737 2561 —
767 2528 885 2572 Adde
915 2527 1137 2570 Schilleri
1167 2526 1313 2569 dictum
1341 2526 1381 2565 in
1412 2524 1598 2567 Ol'l'icin.
1628 2525 1813 2567 serranz

436 2604 576 2645 Was‘?
604 2603 740 2645 faellt
767 2604 858 2645 ihm
885 2603 1034 2645 Jener
1061 2602 1135 2642 ein
1162 2600 1255 2642 und
1283 2600 1446 2649 behet,

434 2675 590 2721 Red’st
619 2676 676 2718 du
702 2689 792 2719 von
822 2677 994 2728 einem‚
1025 2674 1108 2717 der
1137 2673 1191 2716 da
1210 2662 1380 2716 lebet?
1409 2697 1464 2705 —
1491 2704 1505 2725 ,

96 2760 136 2796 et
166 2755 446 2808 Shakspear.
475 2752 596 2793 Henr.
626 2750 673 2792 V.
702 2749 783 2800 4,·7.
811 2749 895 2791 fin:
922 2750 969 2790 K.
997 2749 1118 2791 Hem:
1152 2747 1299 2799 ,Μαι-ε,
1327 2746 1524 2795 Fluellen,
1552 2759 1664 2789 wear
1689 2746 1785 2787 thou
1813 2745 1890 2787 this
1916 2744 2059 2787 favour
2085 2742 2242 2795 forme,

92 2829 173 2871 and
213 2828 315 2870 stick
348 2829 377 2868 it
411 2830 451 2868 in
484 2827 557 2880 thy
586 2837 674 2878 cap.
725 2823 857 2865 When
888 2822 1067 2864 Aleneon
1105 2820 1182 2863 and
1219 2820 1367 2873 myself
1390 2833 1502 2863 were
1544 2822 1666 2862 down
1692 2819 1891 2874 together,
1919 2818 1944 2862 J
1972 2816 2141 2873 plucked
2169 2816 2244 2859 thia
